3264 5354
292 611 350 673 das
373 609 427 673 die
449 610 613 676 Denisehe
637 612 833 700 werbungen
853 614 942 697 jetzo
957 612 991 676 in
1007 613 1148 678 starkem
1162 636 1294 702 nwange
1310 614 1427 702 gehen.
1462 614 1547 679 Gott

294 709 389 775 wolle
416 710 454 775 E.
483 711 519 775 F.
547 711 585 775 G.
608 724 663 776 etc.
776 716 847 776 Aua
870 712 1038 778 Stokholm
1062 715 1124 779 den
1147 716 1166 777 5
1190 714 1299 798 Martij
1324 718 1421 780 Anno
1447 716 1545 780 1625.

496 829 533 893 E.
557 828 593 892 F.
617 828 654 893 G.

949 931 1193 1021 untertheniger
1215 932 1404 1021 gefiissener

1031 1033 1144 1097 diener

1100 1134 1201 1199 Axell

1099 1234 1312 1300 Oxenstiema
1334 1258 1398 1322 mp.

376 1370 570 1435 agenhannigt
588 1372 707 1436 original
726 1373 734 1420 1
754 1370 936 1431 Riksarklrat
955 1372 1284 1438 Stegaborgssamllngan
1303 1375 1369 1424 Brut
1385 1374 1449 1423 tran
1467 1375 1544 1423 Axel

291 1453 477 1505 Oxenstierna
498 1456 542 1503 tul
560 1455 651 1505 Johan
670 1455 793 1505 Csslmlr.

290 1845 347 1899 24.
391 1838 464 1903 Tin
484 1844 595 1901 seoob
618 1846 737 1913 Spem.
984 1836 985 1841 ’
1010 1845 1213 1902 Stookholm
1234 1846 1269 1901 d.
1292 1848 1312 1901 5
1334 1846 1426 1902 unns
1446 1848 1545 1903 162³.

292 2041 343 2091 Om
362 2042 575 2107 tbrhandllngsn
595 2043 659 2092 med
676 2044 731 2092 Das
750 2040 855 2106 Hayes;
874 2042 1018 2092 afskritter
1036 2040 1137 2093 studes
1156 2043 1271 2093 athana
1290 2043 1412 2093 kreditir
1429 2043 1483 2094 och
1501 2058 1546 2093 re·

377 2126 506 2176 kreditiv.
543 2127 611 2176 Svar
637 2127 700 2176 trin
724 2127 863 2176 Danmark
886 2130 922 2176 tn
945 2125 971 2189 ej
990 2127 1116 2176 anlandt
1152 2127 1267 2179 Senasts
1285 2128 1348 2177 bref
1365 2127 1428 2177 trtn
1447 2129 1545 2178 Polen.

377 2210 482 2261 Venter
508 2211 587 2275 llrlgt
612 2210 816 2261 urdenatione
843 2225 886 2260 om
914 2209 1054 2274 ungranus
1077 2210 1213 2275 staltnmg
1229 2210 1274 2260 tm
1292 2212 1341 2261 dat
1357 2212 1477 2262 svenska
1495 2227 1547 2262 an·

378 2296 467 2345 budet
484 2294 536 2344 oob
554 2295 605 2343 ber
623 2295 648 2344 Β.
667 2308 740 2357 noga
758 2293 883 2358 aktgltva
899 2294 937 2357 pi
955 2294 1108 2345 Danmarks
1125 2295 1354 2345 lorehalvanden.
1462 2340 1464 2343 ,

620 2421 794 2511 Magnifice
818 2447 853 2488 ao
876 2422 1038 2488 Generose
1061 2422 1211 2488 Domine.

377 2525 520 2610 Legatos
548 2523 646 2611 Regis
673 2524 784 2588 Gallius
811 2524 959 2588 dominus
987 2523 1037 2588 De
1060 2524 1169 2611 Hayes
1192 2526 1342 2590 mandata
1363 2548 1421 2588 sua
1443 2524 1547 2611 depo·

292 2626 368 2690 suit.
420 2625 562 2689 Primum
590 2624 769 2712 gratulatus
792 2639 841 2688 est
863 2624 893 2689 S.
917 2625 955 2689 R.
978 2625 1050 2690 Mzti
1073 2626 1203 2689 domiuo
1227 2649 1298 2690 meo
1322 2625 1361 2690 de
1384 2625 1546 2712 composi·

294 2727 336 2791 tis
370 2748 444 2791 cum
474 2726 567 2791 Dauo
590 2725 826 2799 controversiis,
849 2739 883 2791 et
904 2726 931 2790 si
954 2726 1030 2812 qnid
1053 2738 1187 2791 restaret
1208 2726 1344 2805 dissidii,
1366 2748 1425 2789 sua
1446 2726 1480 2789 in
1504 2749 1546 2790 eo

294 2827 565 2892 accommodando
599 2826 706 2891 officia
739 2827 867 2892 nomine
901 2827 951 2890 sui
984 2825 1082 2913 Regis
1109 2827 1244 2905 obtulit3
1272 2840 1341 2891 tum
1369 2826 1467 2914 Regis
1491 2827 1547 2891 sui

294 2928 540 3016 propensionem
564 2926 603 2992 ad
627 2926 811 2991 renovanda
834 2927 967 3012 antiqua
988 2940 1082 3013 pacta
1097 2941 1130 2991 et
1143 2928 1262 2992 faedera
1276 2928 1402 3014 Regum
1419 2928 1546 2992 Sueoiae

293 3044 327 3094 et
349 3030 492 3095 Frauoiae
515 3041 651 3093 testatus
674 3041 737 3107 est;
761 3027 900 3113 denique
923 3029 1065 3092 referens
1088 3028 1231 3116 quaedam
1255 3029 1294 3093 de
1310 3027 1427 3093 faedere
1443 3028 1546 3115 Regis
1581 3018 1587 3027 ⁴

292 3130 343 3194 sui
377 3152 451 3194 eum
486 3129 623 3193 Venetis
656 3142 690 3194 et
725 3128 870 3192 Subando
904 3128 933 3191 S.
964 3128 1001 3192 R.
1030 3128 1141 3193 M:tem
1169 3128 1314 3193 hortatus
1343 3142 1391 3194 est
1414 3131 1453 3194 ad
1477 3150 1547 3193 am·

291 3230 497 3317 plectendam
532 3252 641 3293 curam
676 3229 722 3293 rei
757 3228 946 3306 communis,
980 3230 1034 3293 cui
1060 3230 1182 3317 Regem
1211 3229 1322 3294 Daniae
1346 3230 1414 3313 jam
1436 3242 1545 3294 totum

291 3332 477 3397 incumbere
509 3329 624 3393 aiebat.
674 3330 705 3393 ls
734 3353 819 3394 nuno
848 3329 998 3393 dimissus
1021 3345 1071 3395 est
1093 3355 1131 3395 eo
1154 3353 1228 3394 eum
1251 3353 1413 3416 responso,
1437 3343 1474 3394 ut
1496 3330 1546 3394 fa·

292 3434 356 3498 oile
378 3433 455 3497 iude
478 3430 571 3518 argui
593 3444 692 3517 queat
715 3430 745 3495 S.
769 3430 805 3495 R.
829 3430 917 3495 Mztis
938 3431 1063 3495 animus
1085 3445 1155 3495 tum
1178 3452 1255 3517 erga
1276 3430 1398 3517 Regem
1419 3429 1546 3508 Gallias,

291 3548 362 3597 tum
393 3556 462 3598 rem
486 3554 702 3607 communem,
725 3531 759 3594 in
781 3554 897 3619 genere
920 3545 1038 3610 tamen,
1061 3544 1229 3619 postquam
1253 3531 1342 3596 illius
1366 3532 1547 3617 propositio

292 3649 419 3698 tantum
453 3633 487 3696 in
521 3631 666 3697 terminis
695 3631 900 3718 generalibus
932 3648 1087 3718 concepta
1113 3646 1206 3697 esset.
1250 3632 1302 3696 Tu
1323 3631 1381 3695 illa
1401 3632 1548 3697 breviter

292 3759 335 3799 ex
369 3734 472 3799 literis
507 3733 583 3797 fidei
617 3733 719 3819 ipsius
753 3746 785 3797 et
819 3732 953 3798 redditis
978 3734 1186 3797 recredentiae
1211 3734 1264 3813 (ut
1286 3733 1418 3816 vocent)
1439 3732 1546 3798 literis

291 3836 390 3901 facile
414 3834 539 3899 videbis
553 3835 589 3916 ¹).

378 3936 448 4000 Nos
470 3956 660 4019 responsum
684 3958 701 3998 e
727 3935 833 3999 Dania
855 3934 1011 3999 haetenus
1034 3935 1158 3999 nullum
1181 3934 1354 3998 habuimus
1377 3936 1415 3998 ad
1432 3934 1548 4000 literas

292 4038 375 4117 illas,
403 4060 538 4124 quarum
563 4035 732 4120 exemplar
754 4057 771 4097 e
793 4034 1005 4099 Marienholm
1027 4035 1065 4099 ad
1082 4050 1114 4099 te
1131 4033 1203 4099 misi
1216 4036 1253 4119 1).
1285 4035 1390 4099 Aiunt
1404 4035 1547 4101 militem

292 4163 377 4204 nune
400 4137 579 4215 couscribi;
602 4159 667 4223 quo
689 4158 767 4199 vero
792 4135 864 4210 line,
887 4136 1106 4223 intelligemus
1130 4135 1326 4222 propediem.

378 4241 406 4304 Ε
430 4237 566 4303 Polonia
589 4259 695 4325 nuper
717 4236 889 4300 habuimus
911 4257 1099 4323 responsum
1122 4238 1160 4302 ad
1184 4237 1293 4301 literas
1315 4251 1449 4315 nostras,
1471 4260 1548 4303 sero

292 4353 326 4402 ot
348 4340 478 4427 oblique
492 4340 535 4423 θ);
558 4362 617 4402 nee
641 4338 730 4402 aliud
753 4338 828 4402 inde
847 4338 995 4423 judicare
1017 4337 1103 4416 lieet,
1127 4360 1224 4422 quam
1248 4339 1334 4424 quod
1357 4361 1475 4425 magna
1490 4338 1546 4403 ad·

378 4492 398 4553 ¹)
417 4495 451 4544 Se
474 4497 558 4545 oivan
576 4497 626 4545 sid.
648 4499 676 4542 11
696 4497 746 4543 not
763 4490 785 4554 ¹)
803 4495 855 4544 ooh
874 4499 905 4543 36
924 4500 974 4543 not
994 4490 1020 4553 ¹).

375 4574 396 4638 ²)
414 4578 459 4629 Jtr
477 4580 561 4628 oivan
579 4580 629 4628 N:o
650 4584 680 4627 18
700 4584 774 4628 sumt
792 4578 844 4627 sid.
865 4582 894 4627 19
913 4582 964 4628 not
981 4575 1009 4637 ¹).

375 4660 397 4724 ³)
414 4664 461 4714 Jtr
479 4664 567 4713 otran
585 4665 636 4713 ald.
656 4669 687 4712 at
710 4668 803 4714 neten.
