3298 5346
351 404 413 466 506

308 570 412 634 cionis
445 568 560 634 animis
594 570 711 634 nostris
743 568 892 645 insideat,
917 581 954 634 ut
975 569 1034 633 sub
1058 569 1167 633 Sentis
1189 582 1302 634 vestrae
1325 590 1421 632 manu
1444 590 1544 632 eorum

309 671 511 735 confirmatio
534 669 615 734 mihi
637 671 768 734 nomine
792 669 822 733 S.
846 670 884 734 R.
908 670 995 735 Mztis
1017 668 1254 753 exhibentur1).

393 771 442 835 Es
465 783 514 836 cst
536 771 635 834 enimi
658 770 688 835 S.
712 771 749 835 R.
773 771 861 835 Mztis
883 770 917 835 in
941 771 1073 835 sentem
1097 792 1196 833 vuum
1219 783 1388 856 totamque
1410 769 1478 833 eius
1496 768 1545 833 do·

308 894 398 935 mum
432 873 614 957 propensio,
649 882 685 935 ut
716 870 799 936 nihil
832 871 894 935 sibi
924 894 989 936 non
1012 871 1051 935 sb
1074 872 1186 935 eudem
1209 869 1384 956 promittat,
1408 868 1489 956 quod
1509 870 1544 934 sb

308 973 411 1037 emico
445 985 478 1037 et
512 972 605 1037 affine
629 972 769 1059 prestari
791 972 893 1058 possit
916 993 952 1035 sc
972 971 1103 1049 debeut3
1126 984 1222 1058 etque
1244 971 1318 1035 ideo
1340 970 1394 1034 vel
1416 970 1544 1035 maxime

306 1086 453 1160 exoptet,
486 1072 669 1137 istiusmodi
697 1072 841 1137 consiliis
875 1072 960 1158 apud
989 1071 1121 1136 Ssrztem
1145 1094 1244 1135 susm
1267 1071 1465 1158 Ordinesque
1486 1071 1545 1135 Du·

306 1173 386 1239 cslis
409 1173 566 1238 Borussiae
587 1173 694 1237 locum
716 1173 796 1251 fore,
819 1195 955 1259 quorum
979 1173 1013 1236 vi
1036 1172 1124 1238 hisce
1145 1172 1335 1259 periculosis
1358 1171 1545 1258 temporibus

309 1274 467 1339 bellorum
501 1287 606 1338 motus
640 1297 676 1338 sc
703 1274 907 1338 incommodo
935 1274 1034 1338 arceri
1057 1297 1075 1336 s
1096 1273 1216 1337 finibus
1239 1286 1295 1337 sut
1317 1271 1357 1335 ed
1385 1271 1546 1336 minimum

308 1399 327 1440 u
359 1375 536 1439 visceribus
567 1374 729 1439 ditionum
763 1375 873 1439 Sentis
905 1397 989 1450 rure,
1023 1397 1086 1438 uon
1122 1372 1240 1438 attrahi
1266 1387 1396 1460 queunt.
1451 1373 1545 1461 idque

307 1498 383 1539 cum
417 1474 600 1540 existimem
622 1475 799 1540 secundum
822 1475 930 1540 Deum
952 1475 986 1538 in
1008 1488 1169 1561 potestate
1193 1474 1303 1539 Sentis
1324 1496 1398 1538 vuae
1421 1474 1546 1560 eiusque

308 1574 508 1640 subditorum
543 1598 621 1651 esse,
655 1599 769 1662 precor
801 1577 949 1654 eundem,
984 1589 1021 1640 ut
1053 1588 1208 1664 suggerat
1240 1574 1391 1640 soluturis
1414 1596 1451 1638 sc
1471 1588 1547 1639 trun·

307 1676 464 1762 quillitsti
485 1677 595 1741 dedita
616 1676 760 1756 consilis,
784 1700 821 1741 uc
844 1676 975 1741 Serztem
998 1699 1096 1742 vzram
1113 1676 1253 1742 officiose
1277 1698 1367 1762 rogo,
1382 1688 1420 1740 ut
1431 1674 1547 1739 dictum

311 1777 517 1842 secretarium
541 1776 571 1841 S.
595 1777 632 1842 R.
657 1776 746 1841 Mztis
769 1777 908 1865 benigne
932 1777 1079 1842 suditum
1103 1788 1290 1864 exspectato
1313 1798 1387 1841 curu
1402 1798 1548 1861 responso

306 1877 500 1964 quantocius
534 1878 696 1965 expedire,
720 1900 835 1965 meque
862 1877 923 1942 hoc
945 1877 1184 1955 incertitudine,
1207 1877 1336 1942 nomine
1360 1876 1458 1965 Regis
1480 1877 1549 1955 mei,

309 1978 476 2043 exsolvere
510 1979 600 2057 velit,
633 1978 667 2043 in
701 1979 818 2043 ceteris
844 1993 878 2043 et
899 2002 970 2066 quse
991 1978 1054 2066 ipsi
1080 1992 1171 2066 grets
1192 1990 1276 2057 sunt,
1299 2000 1350 2042 me
1373 1977 1413 2043 sd
1434 1977 1550 2064 quevis

308 2078 419 2144 'studia
452 2078 623 2166 officioque
650 2079 890 2165 paratissimum
915 2079 1073 2144 habiture.
1118 2080 1207 2145 Deus
1230 2078 1371 2166 optimus
1393 2079 1552 2143 maximus

308 2179 443 2245 Serztem
466 2203 565 2244 mrum
588 2204 662 2245 eum
683 2180 807 2266 inclyts
827 2181 923 2245 domo
945 2179 1125 2246 diutissime
1152 2180 1273 2244 salvom
1294 2178 1552 2266 incolumemque

306 2293 485 2345 conservet.
535 2281 702 2345 Debentur
727 2280 875 2368 Elbingae
901 2280 953 2346 die
979 2282 1095 2346 ultime
1120 2280 1229 2346 Martii
1252 2282 1349 2344 Anno
1372 2281 1465 2345 1627.

1079 2464 1296 2553 Ser[enits]tis
1319 2464 1470 2551 V[est]rae

1065 2566 1317 2631 officiosissimus
1339 2566 1476 2630 servitor

392 2688 505 2738 Axelius
524 2688 709 2740 Oxenstterua
730 2693 779 2739 stc.

1044 2785 1184 2849 Axelius
1207 2784 1423 2849 Oxeustierns
1445 2806 1510 2870 mp.

395 2974 566 3038 Utamur-ist:
595 2974 788 3025 »Serenirstmo
814 2973 934 3039 Principi
952 2987 984 3023 sc
1004 2975 1073 3024 D:no
1092 2972 1208 3038 osorgro
1226 2973 1379 3031 wilhelmo,
1398 2973 1556 3023 Msmhiont

307 3058 562 3123 Brundeburgsosi»
583 3063 633 3108 stc.

391 3158 570 3224 Pdtockm'nq:
598 3160 691 3208 »hren
713 3163 741 3207 17
760 3161 839 3223 April
858 3162 946 3209 1627».

391 3260 517 3323 Orlgtnsl
543 3260 607 3310 med
633 3260 810 3324 egeuhtndlg
828 3260 1001 3311 underskriit
1019 3260 1028 3309 i
1047 3260 1113 3310 Geh.
1132 3259 1327 3320 statuerumt,
1346 3259 1455 3315 Berllm
1474 3272 1558 3321 egen·

306 3344 426 3408 htndlgt
444 3346 566 3409 koucept
583 3347 593 3395 1
612 3345 795 3395 lessrkivet.

309 3462 509 3470 ———-..-.---.

392 3545 412 3607 ¹)
429 3548 474 3598 Jrr
491 3547 584 3597 nediu
602 3547 652 3596 Nto
672 3550 728 3596 292.
