3314 5362
355 471 416 535 104

305 637 490 723 juriamque
525 636 663 700 nominis
693 634 795 700 nostri
825 635 988 712 efferbuit,
1011 647 1049 698 ut
1071 647 1104 699 et
1127 633 1166 697 ad
1184 646 1316 699 exteros
1337 634 1506 720 principes
1529 648 1568 697 ct

308 738 343 802 in
366 737 506 801 comitiis
529 736 874 801 ac‘convocationibus
897 736 1023 812 vest-ris,
1047 735 1127 821 ipsis
1149 735 1288 799 induciis
1310 757 1430 821 susque
1453 733 1567 820 deque

310 838 437 915 habitis,
470 837 589 902 famam
623 838 653 901 S.
681 837 718 901 R.
748 837 845 912 Mztis,
878 835 1001 900 domini
1029 836 1139 912 nostri,
1161 835 1304 900 infandis
1326 835 1565 900 criminationi·

310 938 370 1003 bus
404 938 560 1016 lacerarit,
593 960 654 1002 nec
687 960 706 1002 a
738 937 886 1001 manibus
919 936 972 1024 pie
1001 936 1150 1001 defuncti
1177 937 1319 1023 parentis
1341 935 1372 1000 S.
1395 937 1434 1000 R.
1459 936 1564 1012 Mais,

310 1040 470 1127 quondam
505 1038 603 1126 Regis
636 1039 748 1114 nostri,
780 1037 873 1101 euius
906 1037 1016 1102 odium
1050 1035 1118 1101 sela
1147 1060 1231 1101 mors
1259 1037 1374 1102 merito
1396 1036 1499 1100 lenire
1523 1058 1566 1100 ac

309 1141 423 1205 tollere
453 1139 602 1217 debebat,
627 1138 828 1215 abstinuerit,
850 1138 885 1202 in
907 1161 965 1201 nos
988 1159 1063 1202 vero
1086 1150 1120 1202 et
1141 1152 1273 1223 gentem
1296 1150 1447 1215 nostram,
1471 1136 1564 1201 unde

311 1243 401 1328 ipsus
424 1240 582 1327 originem
604 1238 714 1317 trahit,
736 1239 818 1303 nihil
840 1262 915 1315 nen,
936 1239 1021 1325 quod
1037 1238 1175 1303 infamia
1190 1262 1227 1303 ac
1243 1250 1432 1324 contemptu
1447 1253 1566 1302 nostro

310 1343 382 1426 conj
389 1354 521 1406 unctum
537 1340 588 1417 sit,
604 1340 816 1427 congesserim
839 1354 876 1403 ut
890 1338 1000 1403 isthac
1017 1339 1197 1403 excitandis
1214 1340 1298 1404 inter
1313 1338 1432 1403 amicas
1443 1352 1565 1425 gentes

310 1443 405 1508 bellis
438 1441 603 1526 multoque
638 1440 738 1526 magis
770 1440 967 1504 concitandis
992 1439 1043 1517 iis,
1071 1460 1205 1526 quorum
1228 1440 1327 1504 animi
1350 1439 1456 1504 adhuc
1480 1440 1564 1526 aegri

310 1566 370 1607 nec
393 1544 470 1607 satis
494 1541 532 1606 ad
554 1540 757 1605 concordiam
781 1540 867 1617 flexi,
891 1540 1021 1605 valeant
1041 1541 1275 1627 sufficiantque.

397 1642 481 1723 Quid
514 1642 616 1730 igitur
643 1640 802 1727 agendum
830 1641 860 1704 S.
884 1641 921 1705 R.
946 1640 1017 1705 Mzti
1041 1640 1163 1706 domini
1186 1640 1314 1706 nostro?
1355 1640 1442 1720 Quid
1465 1639 1566 1704 nobis

312 1742 499 1809 consulere?
541 1742 624 1822 Quid
659 1754 789 1828 gentem
816 1755 958 1805 nostram
986 1741 1068 1807 ferre
1096 1740 1268 1806 decorum?
1310 1741 1424 1806 Patina
1444 1741 1563 1806 isthaec

312 1845 435 1909 diutius
473 1843 561 1907 salva
599 1843 765 1927 majestate
803 1841 873 1905 Rex
906 1855 1015 1907 noster
1047 1838 1175 1929 potest?
1229 1842 1412 1907 Admittine
1443 1841 1563 1907 isthaec

312 1958 444 2031 queunt,
468 1943 555 2008 salva
577 1944 737 2030 dignitate
761 1966 797 2007 ae
820 1942 994 2007 securitate
1015 1944 1108 2031 regni
1129 1942 1315 2029 honoreque
1337 1942 1468 2008 nostro?
1500 1943 1566 2008 ‹lu-

311 2046 417 2111 dicate
451 2067 527 2132 ergo
554 2044 628 2130 ipsi,
651 2066 787 2131 quorum
810 2057 941 2130 pectora
963 2065 1133 2131 generosos
1156 2043 1289 2131 spiritus
1310 2044 1468 2109 insedisse
1490 2066 1563 2107 cre·

312 2147 428 2224 dimus,
464 2168 503 2209 an
536 2145 598 2209 ista
631 2168 649 2209 a
675 2144 767 2208 nobis
794 2144 906 2208 aliisve
933 2143 1048 2209 vicinis
1071 2145 1187 2208 vestris
1209 2145 1293 2208 ferre
1315 2144 1434 2220 velitis,
1459 2158 1563 2229 atque

311 2248 397 2313 idem
419 2246 513 2311 nobis
537 2246 636 2310 animi
658 2267 727 2309 esse
750 2248 875 2331 putate!
916 2245 959 2308 Et
981 2268 1045 2332 qua
1066 2246 1216 2331 equitate
1238 2246 1360 2309 utimur
1382 2244 1416 2308 in
1438 2244 1564 2329 dijudi-

311 2348 421 2413 candis
450 2347 631 2413 actionibus
659 2346 785 2422 restris,
807 2346 967 2431 facileque
989 2346 1196 2433 ignoscimus,
1219 2346 1246 2409 si
1269 2345 1345 2430 quid
1368 2367 1434 2432 prae
1455 2346 1564 2409 nimio

311 2449 419 2513 studio
452 2447 638 2513 demerendi
671 2447 808 2534 gratiam
841 2447 939 2533 Regis
972 2446 1069 2510 vestri
1097 2445 1229 2511 affectui
1257 2446 1327 2510 eius
1348 2446 1563 2533 indulgeatis,

311 2550 424 2614 eadem
446 2548 596 2635 aequitate
618 2569 778 2633 rogamus,
802 2560 839 2611 ut
860 2547 1040 2611 metiamini
1063 2545 1198 2611 consilia
1217 2559 1336 2627 nostra,
1352 2560 1386 2612 et
1400 2548 1470 2633 pari
1485 2570 1564 2612 can-

311 2650 388 2713 dore
410 2648 677 2736 interpretemini,
701 2649 787 2734 quod
810 2670 869 2711 nos
891 2648 982 2712 vanis
1004 2648 1194 2712 tractatibus
1218 2647 1340 2713 diutius
1356 2647 1562 2712 circumduci

311 2765 345 2816 et
378 2750 408 2815 S.
442 2751 479 2815 R.
515 2749 613 2823 Mttis,
647 2748 769 2813 domini
796 2748 906 2826 nostri,
934 2747 1127 2835 dignitatem
1154 2762 1249 2835 atque
1271 2749 1391 2812 famam
1413 2762 1562 2814 nostram

311 2866 377 2915 tarn
402 2852 515 2916 acerbe
538 2850 669 2915 lacerari
692 2847 829 2935 amplius
853 2849 919 2934 pati
941 2850 1092 2913 nolimus.

396 2951 514 3036 Elapso
537 2952 647 3036 itaque
671 2951 774 3037 primo
797 2948 902 3028 Junii,
925 2950 1130 3036 postmodum
1151 2950 1186 3014 in
1206 2949 1357 3014 ultimum
1373 2961 1562 3036 prorogato,

311 3075 371 3116 nec
404 3052 629 3116 commissoriis
658 3051 783 3127 vestris,
807 3050 861 3136 qui
885 3062 1018 3137 agerent
1039 3051 1079 3115 de
1103 3073 1193 3136 pace,
1216 3050 1489 3135 comparentibus,
1512 3051 1563 3114 vi·

312 3153 424 3218 dentes
457 3174 524 3231 nos,
551 3152 584 3216 id
611 3152 696 3238 quod
721 3164 794 3215 ante
819 3150 992 3214 metuimus
1015 3174 1051 3215 ac
1073 3151 1220 3216 futurum
1244 3150 1478 3237 prospeximus,
1503 3149 1562 3216 de·

311 3253 409 3332 lusos,
433 3253 538 3329 armis,
561 3276 631 3338 quae
653 3250 747 3315 nobis
765 3252 841 3336 jura
863 3250 973 3315 divina
995 3266 1092 3337 atque
1114 3252 1255 3315 humana
1269 3251 1402 3338 ipsaque
1419 3251 1563 3315 necessi-

312 3368 360 3418 tas
392 3353 426 3417 in
454 3375 567 3417 manus
589 3352 715 3427 dedere,
738 3374 879 3438 eousque
900 3351 1067 3414 vobiscum
1090 3351 1253 3416 decertare
1276 3352 1430 3438 cogimur,
1453 3351 1561 3416 donec

312 3454 423 3519 divino
456 3454 580 3517 numini
614 3453 775 3539 placuerit
806 3451 940 3516 consilia
974 3452 1130 3516 Dtcnibus
1163 3452 1278 3517 restris
1303 3453 1410 3537 justae,
1438 3475 1562 3516 securae

312 3577 348 3618 ac
383 3555 512 3619 decenti
547 3554 619 3640 paci
654 3554 756 3639 magis
791 3553 1029 3617 accommodata
1061 3575 1242 3640 suggerere.
1298 3552 1331 3616 Si
1364 3575 1441 3617 rere
1475 3552 1560 3639 Reg.

312 3655 407 3719 Mttas
434 3655 583 3718 dominus
611 3666 729 3731 noster,
758 3654 854 3719 sicuti
876 3676 981 3739 neque
1004 3653 1071 3719 haec
1093 3676 1197 3739 neque
1221 3652 1284 3717 alia
1306 3675 1446 3740 unquam
1471 3675 1562 3717 arma

313 3754 457 3840 arripuit,
490 3755 552 3817 nisi
586 3754 778 3819 necessitate
811 3777 844 3819 se
878 3776 1016 3839 suosque
1049 3753 1162 3818 tuendi
1192 3753 1387 3841 compulsus,
1410 3751 1562 3840 nihilque

311 3854 425 3919 babuit
447 3855 620 3939 antiquius,
643 3877 737 3941 quam
760 3868 798 3919 ut
819 3868 906 3918 certa
928 3854 1035 3940 aliqua
1049 3855 1246 3941 reperiretur
1259 3855 1351 3931 ratio,
1367 3855 1560 3919 diuturnum

312 3955 373 4020 hcc
406 3970 438 4020 et
471 3968 641 4020 cruentum
675 3955 798 4020 bellum
831 3954 917 4017 inter
948 3954 1016 4019 haee
1049 3977 1149 4042 regna
1178 3955 1336 4041 sepiendi,
1357 3955 1402 4018 ita
1427 3977 1562 4041 quoque

310 4057 520 4142 imposterum
554 4056 637 4121 nihil
670 4055 710 4120 de
744 4056 804 4120 hcc
838 4054 946 4118 studio
978 4054 1220 4141 tranquillitatis
1250 4055 1337 4121 hisce
1359 4056 1466 4142 regnis
1488 4057 1561 4120 red·

312 4158 424 4221 dendae
451 4158 610 4231 remittet;
636 4179 773 4242 suosque
800 4156 1034 4221 commissarios
1056 4156 1142 4220 inter
1163 4157 1235 4243 ipsa
1256 4178 1344 4220 arma
1365 4168 1483 4243 praesto
1505 4155 1560 4221 ha·

313 4258 411 4335 bebit,
446 4280 482 4322 ac
504 4259 573 4340 jam
600 4256 778 4333 constituit,
805 4258 958 4343 quicum
981 4256 1184 4332 vestratibus,
1206 4256 1234 4320 si
1256 4279 1337 4344 quos
1359 4256 1432 4320 Rex
1452 4268 1561 4321 vester

313 4380 349 4422 ac
380 4359 498 4423 Drones
527 4373 641 4423 vestra
663 4358 894 4446 ablegaverint,
917 4372 1024 4445 agant,
1047 4370 1191 4422 statuant
1213 4380 1250 4420 ac
1272 4356 1328 4421 diu
1350 4369 1560 4443 expectatam

312 4481 426 4543 pacem
448 4457 612 4533 reducant,
635 4460 731 4523 mode
754 4482 792 4523 ea
815 4471 975 4544 potestate
993 4482 1030 4522 sc
1047 4456 1206 4523 mandatis
1222 4457 1339 4522 muniti
1356 4456 1559 4536 accesserint,

313 4571 350 4622 ut
372 4581 444 4645 spes
467 4571 628 4644 appareat,
651 4558 776 4625 labores
799 4574 923 4623 nostros
946 4582 1011 4623 non
1032 4558 1140 4623 irritos
1162 4560 1241 4623 fore.
1286 4558 1402 4644 Neque
1424 4558 1558 4637 bellurn,

313 4660 398 4746 quod
426 4658 573 4745 cogimur
600 4659 772 4744 suscipere,
795 4660 930 4725 consilia
952 4659 1019 4724 hoec
1040 4660 1139 4745 pacis,
1161 4657 1267 4746 quoad
1288 4679 1357 4736 nos,
1380 4659 1434 4725 vel
1457 4674 1560 4725 muta·
