3314 5362
39 502 41 623 l

39 640 41 733 l

39 842 41 975 l

39 984 41 1057 r

39 1256 41 1325 r

1244 475 1305 537 145

97 641 221 705 tultum
244 641 349 706 duxit.
396 640 683 706 Abstinebimusne
706 640 801 717 bello,
824 642 858 705 in
881 641 1007 706 hostico
1027 641 1206 718 constituti,
1223 642 1347 707 incerto

39 760 40 797 1
101 741 205 806 adhuc
240 756 438 807 tractatuum
472 754 590 806 eventu
624 755 667 815 et,
695 742 783 805 side
804 741 924 805 futuris
947 766 989 806 ex
1011 742 1182 828 praeteritis
1201 742 1346 827 judicare

102 842 187 919 licet,
221 842 458 929 quodammodo
491 842 670 927 desperato,
704 840 738 905 in
772 841 857 928 quod
884 841 972 905 brevi
1000 842 1108 906 forsan
1136 842 1291 928 relapsuri
1314 857 1348 907 et-

104 944 231 1008 amissas
253 943 301 1008 rei
324 943 472 1029 gerendae
494 942 678 1008 occasiones
699 942 820 1006 frustra
842 942 989 1028 questuri
1005 942 1132 1008 sumus?
1160 943 1348 1008 Persuaderi

39 1072 40 1093 1
104 1043 134 1107 id
166 1044 197 1107 S.
227 1045 265 1109 R.
293 1044 367 1108 Mtti
393 1044 468 1108 d:no
496 1066 568 1108 meo
593 1065 757 1129 nunquam
781 1044 910 1130 poterit.
955 1047 1056 1107 Arma
1078 1043 1223 1130 cepimus
1246 1057 1279 1109 et
1300 1045 1348 1108 in·

39 1152 40 1183 ³
104 1144 237 1209 tulimus
271 1143 465 1220 Litbuaniar,
499 1144 584 1231 quod
617 1145 657 1207 de
691 1167 769 1230 pace
803 1166 868 1208 non
901 1157 986 1208 esset
1019 1144 1087 1207 ulla
1119 1144 1232 1209 relicta
1263 1167 1346 1231 spes.

105 1245 274 1310 Mallemus
306 1244 370 1309 alio
404 1245 614 1320 transtulisse,
642 1243 729 1331 quod
756 1267 903 1330 proceres
929 1244 1039 1331 Magni
1062 1245 1208 1309 Ducatus
1231 1268 1349 1332 magna

39 1356 41 1379 ¹
107 1359 192 1430 parte
215 1345 279 1410 visi
301 1361 378 1411 sunt
399 1369 463 1410 non
487 1345 584 1410 alieni
608 1368 627 1409 a
648 1368 736 1431 paee.
781 1348 828 1409 At
849 1345 1037 1431 magnitudo
1058 1346 1116 1423 rei,
1132 1345 1347 1432 patrocinium

39 1458 40 1463 ’
106 1469 203 1511 causae
225 1449 330 1534 regiae,
354 1469 482 1510 osorum
506 1446 594 1532 pacis
617 1445 701 1509 mala
722 1445 867 1523 consilia,
884 1445 964 1510 situs
982 1444 1122 1509 locorum
1140 1459 1182 1521 et,
1199 1460 1235 1510 ut
1250 1445 1348 1512 verbo

39 1580 40 1605 r
108 1547 311 1633 complectar,
344 1570 468 1612 summa
500 1545 675 1610 necessitas
703 1570 762 1611 uos
784 1547 904 1634 adegit,
927 1560 965 1610 ut
987 1546 1050 1610 huc
1073 1546 1348 1633 progrederemur,

39 1674 41 1759 l

109 1648 270 1725 tentaturi,
304 1647 470 1734 possintne
503 1647 707 1712 imminentia
734 1646 876 1733 pericula
903 1669 938 1711 ae
962 1648 1141 1712 metuende
1164 1646 1350 1712 florentissi-

39 1790 40 1837 1
110 1770 226 1812 narum
261 1749 428 1835 regionum
462 1749 699 1813 devastationes
733 1747 877 1812 emollire
912 1748 1064 1822 animum,
1092 1769 1187 1833 quem
1211 1749 1293 1812 ratio
1315 1749 1348 1812 in

39 1880 40 1885 ¹
110 1846 314 1934 iuncusque
337 1848 422 1913 diem
445 1871 575 1914 movere
596 1848 754 1935 nequivit.

187 1949 235 2013 Ea
269 1962 378 2013 tamen
412 1951 630 2015 moderatione
658 1949 813 2014 hactenus
838 1948 888 2011 usi
911 1971 1030 2027 sumus,
1053 1962 1091 2012 ut
1112 1949 1205 2013 nobis
1228 1949 1349 2036 exiguo

39 2082 41 2101 ›
112 2062 262 2114 terrarum
287 2050 397 2136 spacio
420 2050 596 2139 progressis
618 2073 678 2116 nec
702 2048 822 2136 oppida
843 2048 1000 2114 hactenus
1022 2048 1090 2112 ullu
1112 2050 1164 2113 vel
1187 2051 1263 2138 pagi
1285 2050 1350 2116 sint

39 2204 40 2249 ;
113 2151 222 2226 exusti,
245 2150 310 2213 nisi
333 2173 412 2237 quos
434 2151 487 2216 vel
510 2152 722 2216 Cosaccorum
745 2150 954 2214 commoratio
970 2149 1063 2214 nobis
1080 2167 1244 2237 suspectos
1260 2151 1349 2227 fecit,

114 2251 160 2315 rel
190 2273 281 2316 casus
315 2250 466 2337 abripuit,
499 2274 618 2338 eosque
643 2250 763 2338 oppido
792 2272 920 2338 paucos.
943 2273 1002 2315 nec
1024 2250 1198 2337 quicquam
1220 2266 1349 2338 raptum

39 2340 40 2423 J
115 2351 159 2426 sit,
180 2352 241 2415 nisi
263 2352 351 2438 quod
374 2352 471 2415 militi
494 2352 609 2416 alendo
632 2365 825 2438 suppeteret.
870 2350 947 2415 Haec
971 2375 1046 2416 vero
1064 2350 1240 2416 moderatio
1258 2374 1349 2417 eous·

39 2528 40 2531 Ἴ
111 2476 170 2537 que
190 2452 424 2530 observabitur,
447 2453 524 2517 dum
547 2452 654 2538 aliqua
674 2475 731 2516 nos
754 2476 827 2539 spes
848 2465 947 2529 tenet,
971 2451 1093 2516 bellum
1115 2475 1190 2516 cum
1208 2452 1297 2540 Rege
1314 2475 1349 2517 uc

39 2594 40 2647 3
117 2551 285 2638 Republica
318 2567 426 2617 vestra
455 2553 727 2617 accommodandi.
777 2556 823 2617 At
844 2553 908 2617 nisi
930 2553 1019 2617 brevi
1042 2552 1112 2617 eius
1135 2554 1349 2639 componendi

39 2670 40 2677 ¹
116 2652 198 2716 firma
227 2654 442 2719 fundamenta
469 2655 558 2739 jacta
590 2653 722 2729 fuerint,
757 2654 858 2739 sique,
885 2664 923 2717 ut
949 2677 1059 2718 rumor
1081 2677 1209 2718 manare
1231 2655 1350 2740 eoepit,

39 2764 40 2837 ζ
118 2752 271 2819 Palatinus
296 2754 463 2819 Vilnensis
485 2767 542 2817 aut
564 2753 729 2841 quisquam
753 2753 835 2817 alius
856 2776 930 2818 cum
946 2754 1091 2818 exercitu
1108 2754 1276 2819 adversum
1293 2779 1350 2819 nos

118 2875 293 2941 progressus
326 2855 434 2933 fuerit,
468 2855 553 2920 haud
588 2854 791 2919 mirabuntur
817 2854 912 2918 lllzris
940 2867 973 2919 et
1001 2855 1126 2942 Magzca
1148 2855 1222 2918 D:io
1245 2869 1351 2920 vestra

114 2958 276 3043 ceterique
304 2978 451 3042 proceres
474 2970 508 3021 ct
530 2956 665 3020 Ordines
689 2955 799 3043 Magni
825 2956 970 3019 Ducutus
993 2954 1185 3033 Lithuaniae‚
1209 2955 1234 3020 si
1259 2956 1350 3032 hunc,

39 3092 41 3149 ss
117 3076 153 3118 ne
182 3056 265 3121 hosti
299 3069 408 3120 nostro
440 3056 620 3121 necessaria
652 3056 820 3121 commode
853 3057 1021 3142 praebeant,
1054 3078 1237 3120 exarsurum
1271 3056 1350 3120 locis

116 3157 264 3236 omnibus,
288 3180 353 3244 quo
376 3170 543 3243 penetrare
567 3156 736 3242 possimus,
759 3157 909 3221 viderint.

193 3257 329 3322 Factura
355 3257 466 3345 itaque
494 3257 590 3321 lll:ris
613 3281 649 3321 ac
671 3258 797 3345 Magma
819 3257 893 3322 Drio
916 3270 1020 3323 vestra
1042 3272 1091 3322 cst
1112 3280 1178 3322 rem
1202 3257 1350 3322 tractatui

39 3412 40 3415 ,
123 3357 197 3440 pacis
227 3359 321 3423 valde
349 3359 523 3445 proficuam
551 3374 584 3423 et
611 3358 855 3445 respondentem
879 3359 1009 3441 candori
1031 3381 1099 3435 suo,
1123 3373 1169 3434 ut,
1193 3382 1264 3422 cum
1288 3359 1350 3445 ipsi

122 3478 137 3518 e
164 3459 318 3543 prioribus
352 3459 540 3524 tractatibus
574 3460 696 3545 optime
730 3471 878 3523 constent-
904 3472 969 3522 tam
997 3483 1044 3537 ea,
1072 3483 1143 3545 quae
1166 3482 1351 3545 promovere

39 3592 40 3599 κ
124 3558 199 3641 pacis
230 3560 413 3645 negocium,
446 3582 541 3646 quam
576 3583 644 3645 quae
677 3558 711 3623 id
737 3561 777 3623 de
804 3582 888 3623 novo
911 3558 1039 3624 turbare
1062 3582 1098 3623 ac
1120 3560 1351 3646 interrumpere

122 3660 240 3741 possint,
274 3660 355 3724 milri
384 3661 622 3747 quamprimum
650 3661 741 3724 boum
770 3660 839 3747 spei
862 3660 971 3746 aliqua
993 3660 1113 3724 iudicia
1135 3660 1283 3724 ostendat
1305 3685 1352 3737 ac,

123 3780 155 3823 nc
178 3783 217 3824 ex
242 3784 332 3826 rnora
355 3761 431 3848 quid
454 3762 530 3826 novi
553 3761 777 3847 impedimenti
800 3760 973 3840 iniiciatur,
996 3783 1096 3825 nosve
1119 3761 1292 3825 necessitas
1314 3762 1351 3825 ad

122 3860 238 3926 duriora
260 3879 294 3929 et
317 3862 480 3927 acerbiora
501 3861 637 3926 consilia
658 3861 818 3937 detrudat,
841 3875 879 3925 ut
901 3861 940 3925 ad
963 3862 1048 3925 diem
1065 3864 1105 3928 23
1121 3859 1217 3926 huius
1235 3863 1352 3926 mensis

124 3981 171 4043 per
199 3963 304 4028 literas
333 3978 452 4028 vestras
474 3964 593 4027 certior
614 3963 653 4027 de
675 3961 726 4025 his
748 3962 819 4026 fieri
843 3985 967 4047 queam.
1012 3961 1131 4026 Mirum
1154 3975 1351 4048 quantopere

126 4060 187 4125 llzio
216 4080 324 4129 vestra
356 4064 417 4128 boc
451 4065 538 4128 lueto
571 4077 758 4150 promotura
787 4062 957 4149 negocium
986 4065 1072 4148 pacis
1095 4075 1157 4141 est,
1184 4087 1243 4127 uec
1267 4063 1353 4149 quic·

121 4182 204 4244 quarn
225 4165 259 4229 in
283 4189 334 4229 me
359 4165 462 4250 patiar
483 4163 666 4240 desiderari,
689 4177 726 4227 ut
746 4164 876 4228 taudem
897 4178 1013 4226 cuncta
1030 4165 1068 4227 ad
1085 4163 1352 4248 tranquillitatem

125 4262 297 4333 reserantur.
321 4266 348 4328 si
371 4266 541 4329 seriorem
566 4264 619 4352 agi
641 4264 907 4341 intellexerimus,
931 4276 1027 4350 atque
1050 4287 1092 4328 cx
1112 4263 1170 4327 hac
1185 4286 1290 4327 rerum
1306 4264 1352 4328 in·

125 4364 303 4431 certitudine
337 4365 389 4430 vel
423 4366 530 4451 potius
564 4366 605 4429 de
638 4365 736 4429 animi
765 4365 862 4452 Regis
890 4366 987 4429 uestri
1010 4365 1231 4450 desperatione
1255 4388 1354 4429 eruer-

123 4465 254 4530 serimus.
309 4466 477 4531 Dabuntur
510 4490 527 4530 e
562 4467 673 4530 castris
707 4467 746 4531 ad
780 4465 1001 4530 Rutzivilitzki
1032 4466 1084 4529 die
1113 4468 1152 4529 17
1181 4464 1354 4552 Aug[usti]

125 4566 210 4630 dmm
234 4569 323 4632 1525·
870 4583 1009 4647 Axelius
1032 4583 1253 4660 Oxeustierna,

846 4689 934 4751 Regni
953 4689 1058 4738 Sueclae
1077 4689 1274 4740 Cancellarius.

200 4791 255 4839 Asel
273 4792 434 4840 Orsmtisrao
452 4793 474 4840 I.-
492 4798 515 4840 3.
1256 4785 1288 4837 10
