3288 5330
348 430 410 491 474

303 594 377 659 latae
399 593 465 658 sint
485 594 519 657 in
539 605 703 679 post-remo
719 615 791 657 meo
806 614 878 657 cum
895 590 1096 656 Cancellario
1110 590 1204 678 regni
1219 590 1361 656 Polonioe
1375 613 1553 679 congressu

303 695 390 759 inter
412 706 547 780 utraque
570 705 683 770 caetra,
706 717 749 758 ex
771 692 931 780 prioribus
953 692 1054 756 literis
1077 691 1157 756 meis
1178 692 1361 778 cognovisti
1373 694 1410 769 ¹).

391 794 452 860 Sed
475 795 584 859 forsan
608 817 694 859 nunc
717 793 821 880 magia
843 806 920 857 sunt
941 791 1077 858 irritati?
1112 792 1211 873 Quasi
1226 793 1299 857 Rex
1314 790 1417 881 magis
1433 793 1554 858 irritari

302 909 414 983 posset
436 895 550 960 amissa
574 894 752 980 provincia,
775 917 869 981 quam
893 915 1003 981 regne,
1031 906 1088 957 aut
1109 893 1224 957 Poloni
1239 915 1304 958 non
1320 917 1404 980 segre
1418 895 1554 959 tulerint

302 996 473 1060 Livoniam
508 995 569 1060 sibi
603 996 795 1082 ademptam.
853 994 914 1058 Sed
948 1007 1017 1059 esto
1050 993 1153 1080 magis
1187 993 1262 1058 illos
1295 1017 1364 1059 esse
1398 994 1553 1071 irritatos,

299 1097 477 1162 dummodo
511 1096 619 1160 minus
653 1119 749 1182 quam
783 1109 858 1159 ante
892 1118 1007 1159 nocere
1030 1094 1164 1181 possint,
1187 1096 1316 1160 occluso
1339 1096 1437 1160 unico
1459 1098 1553 1184 regni

303 1198 446 1265 Poloniae
479 1196 632 1283 emporio,
657 1196 713 1261 ubi
736 1208 768 1261 et
790 1218 848 1260 aua
869 1195 1043 1261 divendere
1066 1209 1100 1260 et
1122 1195 1185 1260 sibi
1206 1196 1387 1262 necessaria
1405 1219 1553 1262 coemere

301 1299 440 1362 soleant.
486 1297 595 1362 Stante
617 1297 679 1361 hoc
702 1296 797 1371 bello,
820 1318 879 1360 nec
901 1297 1083 1383 pecuniam,
1098 1318 1158 1361 nec
1173 1319 1307 1383 pannos,
1322 1320 1383 1362 nec
1399 1311 1553 1373 aromata,

302 1422 364 1463 nec
396 1399 494 1463 salem
528 1412 586 1462 aut
617 1398 757 1484 reliquas
789 1396 934 1461 exoticas
957 1419 1086 1472 merces,
1110 1397 1228 1483 quibus
1250 1398 1289 1462 ad
1312 1398 1426 1462 luxum
1449 1421 1553 1485 usque

303 1512 450 1575 utuntur,
484 1499 601 1564 habere
637 1496 750 1562 Poloni
785 1511 936 1583 posasunt
968 1498 1151 1572 commode3
1178 1511 1211 1562 et
1233 1498 1261 1563 si
1283 1521 1353 1585 quse
1376 1499 1462 1563 ratio
1485 1499 1553 1564 haec

303 1599 465 1665 inserendi
488 1621 573 1663 nova
594 1599 799 1685 reperiretur,
822 1597 914 1662 nulla
935 1612 1043 1662 tamen
1064 1597 1170 1684 quiret
1186 1598 1303 1685 aperiri
1320 1602 1372 1664 via
1385 1599 1555 1665 frumentn

302 1700 470 1765 deferendi
487 1714 586 1786 atque
607 1698 806 1764 divendendi
824 1700 917 1783 justo
939 1698 1054 1785 pretio,
1077 1712 1114 1763 ut
1135 1712 1336 1764 contractum
1360 1699 1554 1765 contrahen-

299 1802 444 1889 dumque
460 1824 502 1866 aas
518 1801 659 1865 alienum
675 1799 850 1864 dissolvere
866 1800 999 1885 possint.
1029 1799 1116 1864 Hinc
1130 1799 1289 1865 aestimato
1305 1800 1553 1866 'condicionem

302 1901 547 1990 Reipublieael*
571 1926 607 1967 ac
621 1901 870 1987 'privatorum'‚
891 1914 924 1964 et
941 1900 1031 1987 *quis
1046 1923 1152 1964 rerum
1169 1902 1288 1965 status*
1306 1902 1553 1990 animorumque

301 2016 407 2068 motus
429 2003 463 2067 in
487 2004 569 2067 *iste
592 2000 812 2088 olijgarchia*,
832 2004 859 2065 si
875 2001 995 2065 bellum
1012 2001 1210 2088 aliquamdiu
1228 2015 1423 2088 protractum
1440 2003 1554 2081 fuerit,

300 2104 433 2168 futurus
455 2104 507 2168 sit.
551 2102 622 2167 Imo
645 2103 748 2167 ausim
770 2102 949 2178 vaticinari,
965 2101 1027 2166 nisi
1045 2124 1095 2166 me
1111 2102 1233 2188 exigua
1247 2125 1352 2167 rerum
1368 2117 1553 2168 nostrerum

299 2203 503 2291 experientia
536 2226 606 2268 mea
639 2218 673 2268 et
704 2203 845 2267 rationes
868 2202 982 2266 herum
1005 2203 1188 2291 Regnorum
1211 2203 1339 2281 fallunt,
1362 2205 1447 2285 quod
1471 2227 1554 2269 nun·

301 2327 397 2391 quam
432 2305 605 2390 *propius*
639 2327 658 2369 a
690 2304 797 2389 *justa
830 2304 928 2389 pace*
963 2304 1172 2382 abfuerimus,
1194 2326 1288 2391 quarn
1311 2327 1407 2380 nunc,
1430 2305 1458 2368 si
1481 2306 1555 2370 Deo

299 2404 347 2469 itn
370 2405 477 2468 visum
499 2404 551 2483 sit,
574 2404 665 2468 cuius
688 2403 819 2468 arbitrio
841 2426 892 2468 res
914 2425 1026 2468 omnes
1048 2403 1196 2469 humanae
1215 2405 1399 2469 volvuntur.
1438 2405 1555 2471 'Polo-

299 2507 434 2570 norum’
468 2507 579 2592 itaque
613 2504 873 2591 *sesquipedalia
906 2504 1022 2568 rerba*
1036 2504 1064 2589 ²)
1096 2528 1162 2570 non
1185 2505 1387 2584 attendenda,
1410 2505 1468 2570 aed
1489 2505 1553 2571 tibi

303 2606 440 2691 aliisque
463 2605 630 2692 prudentia
648 2605 767 2689 judicii
790 2605 881 2670 lance
905 2604 1113 2691 ponderanda
1135 2617 1236 2670 erunt.

386 2707 499 2793 Neque
533 2706 586 2770 hie
620 2705 801 2792 'Principis
833 2706 1074 2792 Transylraniae
1107 2706 1277 2782 rationes*,
1312 2707 1398 2793 quod
1432 2729 1467 2771 ae
1501 2708 1553 2772 illi

301 2805 428 2871 ⁴'bello''
452 2807 592 2873 noluerit
614 2806 806 2885 immiscere,
823 2807 1132 2890 ‘'examinandae''i).
1169 2807 1276 2872 Habet
1300 2809 1386 2873 enim
1403 2808 1462 2873 ille
1477 2831 1554 2873 suas
1590 2848 1594 2857 ·

302 2907 481 2993 peculiares
504 2906 785 2984 considerationes,
808 2929 887 2993 quae‚
912 2908 1146 2973 ⁴*accomodatas
1166 2907 1285 2973 statui*
1308 2908 1411 2994 ipsius
1433 2932 1472 2974 ae
1485 2911 1553 2974 *vi-

300 3006 402 3071 cinia*
415 3010 453 3090 ⁴),
476 3031 540 3072 non
568 3021 642 3071 sunt
665 3007 827 3073 trahendae
849 3009 883 3072 in
907 3010 1104 3095 exemplum,
1126 3010 1229 3073 multo
1251 3009 1359 3073 minus
1382 3011 1456 3074 aliis
1478 3011 1553 3075 loco

299 3108 420 3196 regulae
465 3131 534 3174 esse
578 3122 723 3194 possunt.
778 3108 906 3173 Fecerit
949 3110 1005 3174 ille
1039 3111 1224 3195 prudenter,
1258 3110 1313 3175 sed
1350 3111 1465 3196 'apte’
1511 3112 1552 3175 ad

300 3209 461 3274 'statum'
495 3228 604 3287 auum;
638 3232 698 3272 nec
722 3208 788 3272 fuit
808 3209 857 3273 illi
882 3210 1044 3273 *bellum*
1068 3233 1141 3274 cum
1165 3210 1339 3275 *Polono*.
1383 3214 1431 3275 Aa
1457 3211 1553 3275 nobis

300 3309 442 3375 'bellum
476 3309 728 3392 diuturnumff)
761 3323 819 3385 est,
854 3309 947 3374 cuius
980 3310 1105 3374 exitum
1138 3310 1294 3375 haetenus
1316 3312 1458 3397 reperire
1485 3334 1551 3376 non

301 3411 475 3496 potuimus,
499 3410 637 3496 ideoque
660 3434 733 3474 cum
749 3410 792 3474 sit
806 3410 1002 3497 bellandum,
1020 3410 1105 3475 haud
1122 3426 1202 3498 puto
1217 3434 1275 3475 nos
1295 3411 1406 3498 inepte
1421 3412 1550 3489 fecisse,

298 3509 387 3596 quod
420 3511 453 3575 id
486 3513 555 3597 geri
589 3511 784 3575 voluerimus
817 3513 927 3597 potius
948 3512 983 3575 in
1005 3511 1183 3576 visceribus
1207 3512 1434 3599 pinguioribus
1457 3514 1552 3600 regni

300 3611 452 3688 Poloniae,
475 3635 569 3698 quam
593 3612 720 3675 nostris.

385 3715 439 3775 An
471 3712 592 3776 bellum
626 3712 723 3776 fuerit
745 3711 985 3787 denunciatum,
1009 3736 1082 3777 cum
1107 3736 1194 3778 arma
1214 3714 1422 3789 inferrentur,
1446 3712 1486 3778 de
1509 3737 1549 3780 eo

301 3835 403 3899 usque
427 3813 466 3877 ad
488 3815 693 3878 raucedinem
717 3812 870 3876 hactenus
893 3813 1103 3877 disseruimus
1125 3814 1228 3877 literis
1251 3814 1446 3900 scriptisque
1470 3815 1551 3895 pub-

302 3912 384 3991 licis,
401 3927 434 3977 et
449 3912 548 3977 miror
562 3914 707 3978 fallacias
724 3912 890 3977 hominum
906 3912 1190 3978 denunciationem
1207 3913 1285 3978 belli
1301 3916 1550 4001 requirentium,

298 4017 385 4100 quod
414 4036 577 4100 nunquam
606 4014 670 4078 fuit
692 4013 848 4098 sopitum3
872 4013 952 4098 quin
975 4027 1008 4079 et
1029 4014 1255 4080 denuntiatum
1279 4030 1328 4079 est
1342 4018 1550 4102 tempestive,

301 4154 504 4161 ..n—-..m

385 4218 406 4279 ¹)
422 4221 467 4271 dtr
484 4221 566 4271 otrau
585 4221 635 4270 Nze
656 4224 702 4269 198
721 4220 773 4270 ech
792 4224 849 4269 288.

383 4302 405 4365 ¹)
423 4305 436 4354 I
454 4304 602 4368 originalet
620 4305 676 4353 lost
693 4304 756 4353 med
778 4305 897 4367 »ferocia
915 4304 1021 4354 nardo».

384 4385 406 4447 8)
424 4389 546 4436 chiltern
566 4390 575 4436 l
594 4390 744 4451 orlglnalet
762 4389 880 4452 orlktlgt
898 4390 954 4438 lost
971 4389 1034 4438 med
1054 4388 1266 4438 »attendendas

383 4468 404 4529 ⁴)
423 4472 543 4521 Chlffern
571 4472 748 4534 loriglnalat
766 4473 883 4535 oriktigt
909 4475 967 4523 lest
983 4473 1046 4523 rned
1076 4487 1151 4536 »qao
1169 4476 1255 4522 earet
1273 4475 1414 4538 ipsiusne
1432 4473 1552 4525 middin

298 4555 483 4603 conveniant».

384 4633 406 4698 ὓ)
423 4638 436 4686 Ι
455 4639 605 4702 originalet
623 4639 740 4702 orlktigt
757 4639 813 4689 leat
831 4641 892 4690 med
914 4640 1025 4689 »bedam
1043 4655 1102 4689 cara
1119 4640 1252 4690 Palosis».
