<?xml version="1.0" encoding="UTF-8"?>
<!DOCTYPE html PUBLIC "-//W3C//DTD XHTML 1.0 Transitional//EN"
    "http://www.w3.org/TR/xhtml1/DTD/xhtml1-transitional.dtd">
<html xmlns="http://www.w3.org/1999/xhtml" xml:lang="en" lang="en">
 <head>
  <title>
</title>
<meta http-equiv="Content-Type" content="text/html;charset=utf-8" />
  <meta name='ocr-system' content='tesseract 3.04.00' />
  <meta name='ocr-capabilities' content='ocr_page ocr_carea ocr_par ocr_line ocrx_word'/>
</head>
<body>
  <div class='ocr_page' id='page_1' title='image "./rikskanslerenax00akadgoog_0148.png"; bbox 0 0 3314 5362; ppageno 0'>
   <div class='ocr_carea' id='block_1_1' title="bbox 440 0 1143 2">
    <p class='ocr_par' dir='ltr' id='par_1_1' title="bbox 440 0 1143 2">
     <span class='ocr_line' id='line_1_1' title="bbox 440 0 1143 2; baseline 0 0"><span class='ocrx_word' id='word_1_1' title='bbox 440 0 1143 2; x_wconf 95' lang='lat' dir='ltr'> </span> 
     </span>
    </p>
   </div>
   <div class='ocr_carea' id='block_1_2' title="bbox 383 461 444 523">
    <p class='ocr_par' dir='ltr' id='par_1_2' title="bbox 383 461 444 523">
     <span class='ocr_line' id='line_1_2' title="bbox 383 461 444 523; baseline 0 0"><span class='ocrx_word' id='word_1_2' title='bbox 383 461 444 523; x_wconf 91' lang='grc'>114</span> 
     </span>
    </p>
   </div>
   <div class='ocr_carea' id='block_1_3' title="bbox 340 622 1611 3217">
    <p class='ocr_par' dir='ltr' id='par_1_3' title="bbox 340 622 1610 1015">
     <span class='ocr_line' id='line_1_3' title="bbox 340 622 1609 712; baseline -0.006 -21"><span class='ocrx_word' id='word_1_3' title='bbox 340 640 428 691; x_wconf 87' lang='lat' dir='ltr'>certo</span> <span class='ocrx_word' id='word_1_4' title='bbox 461 627 531 690; x_wconf 83' lang='lat' dir='ltr'>loco</span> <span class='ocrx_word' id='word_1_5' title='bbox 561 626 724 712; x_wconf 82' lang='lat' dir='ltr'>congredi,</span> <span class='ocrx_word' id='word_1_6' title='bbox 752 638 785 689; x_wconf 88' lang='lat' dir='ltr'>et</span> <span class='ocrx_word' id='word_1_7' title='bbox 806 625 846 689; x_wconf 83' lang='lat' dir='ltr'>ds</span> <span class='ocrx_word' id='word_1_8' title='bbox 869 623 919 687; x_wconf 91' lang='lat' dir='ltr'>his</span> <span class='ocrx_word' id='word_1_9' title='bbox 943 637 1038 710; x_wconf 89' lang='lat' dir='ltr'>atque</span> <span class='ocrx_word' id='word_1_10' title='bbox 1061 623 1132 688; x_wconf 86' lang='lat' dir='ltr'>eliis</span> <span class='ocrx_word' id='word_1_11' title='bbox 1154 622 1288 688; x_wconf 89' lang='lat' dir='ltr'>consilia</span> <span class='ocrx_word' id='word_1_12' title='bbox 1308 622 1481 687; x_wconf 89' lang='lat' dir='ltr'>nobiscum</span> <span class='ocrx_word' id='word_1_13' title='bbox 1507 643 1609 685; x_wconf 89' lang='lat' dir='ltr'>com·</span> 
     </span>
     <span class='ocr_line' id='line_1_4' title="bbox 341 722 1609 814; baseline -0.005 -23"><span class='ocrx_word' id='word_1_14' title='bbox 341 727 513 804; x_wconf 72' lang='lat' dir='ltr'><strong>muniente,</strong></span> <span class='ocrx_word' id='word_1_15' title='bbox 542 741 655 814; x_wconf 86' lang='lat' dir='ltr'>praesto</span> <span class='ocrx_word' id='word_1_16' title='bbox 682 726 801 791; x_wconf 87' lang='lat' dir='ltr'>erimus</span> <span class='ocrx_word' id='word_1_17' title='bbox 828 724 867 789; x_wconf 84' lang='lat' dir='ltr'>sd</span> <span class='ocrx_word' id='word_1_18' title='bbox 889 739 1027 789; x_wconf 74' lang='lat' dir='ltr'>tractum</span> <span class='ocrx_word' id='word_1_19' title='bbox 1051 725 1237 789; x_wconf 86' lang='lat' dir='ltr'>Dunensem</span> <span class='ocrx_word' id='word_1_20' title='bbox 1259 746 1359 810; x_wconf 85' lang='lat' dir='ltr'>prope</span> <span class='ocrx_word' id='word_1_21' title='bbox 1383 723 1504 810; x_wconf 81' lang='lat' dir='ltr'>Rigarn</span> <span class='ocrx_word' id='word_1_22' title='bbox 1530 722 1609 796; x_wconf 88' lang='lat' dir='ltr'>dic,</span> 
     </span>
     <span class='ocr_line' id='line_1_5' title="bbox 341 824 1610 914; baseline -0.004 -22"><span class='ocrx_word' id='word_1_23' title='bbox 341 851 437 914; x_wconf 89' lang='lat' dir='ltr'>quem</span> <span class='ocrx_word' id='word_1_24' title='bbox 476 829 550 892; x_wconf 81' lang='lat' dir='ltr'>Dzio</span> <span class='ocrx_word' id='word_1_25' title='bbox 588 842 694 892; x_wconf 81' lang='lat' dir='ltr'>vestro</span> <span class='ocrx_word' id='word_1_26' title='bbox 730 827 933 891; x_wconf 89' lang='lat' dir='ltr'>commodum</span> <span class='ocrx_word' id='word_1_27' title='bbox 972 825 1134 890; x_wconf 73' lang='lat' dir='ltr'>censuerit</span> <span class='ocrx_word' id='word_1_28' title='bbox 1170 849 1206 889; x_wconf 92' lang='lat' dir='ltr'>ac</span> <span class='ocrx_word' id='word_1_29' title='bbox 1242 825 1336 889; x_wconf 88' lang='lat' dir='ltr'>nobis</span> <span class='ocrx_word' id='word_1_30' title='bbox 1369 824 1610 901; x_wconf 72' lang='lat' dir='ltr'>denotaverit3</span> 
     </span>
     <span class='ocr_line' id='line_1_6' title="bbox 341 924 1608 1015; baseline -0.005 -22"><span class='ocrx_word' id='word_1_31' title='bbox 341 951 568 1015; x_wconf 73' lang='lat' dir='ltr'>speramusque</span> <span class='ocrx_word' id='word_1_32' title='bbox 601 927 633 992; x_wconf 92' lang='lat' dir='ltr'>id</span> <span class='ocrx_word' id='word_1_33' title='bbox 661 950 724 991; x_wconf 90' lang='lat' dir='ltr'>nou</span> <span class='ocrx_word' id='word_1_34' title='bbox 752 928 821 991; x_wconf 85' lang='lat' dir='ltr'>fore</span> <span class='ocrx_word' id='word_1_35' title='bbox 842 926 971 1005; x_wconf 90' lang='lat' dir='ltr'>inutile,</span> <span class='ocrx_word' id='word_1_36' title='bbox 994 927 1021 991; x_wconf 89' lang='lat' dir='ltr'>si</span> <span class='ocrx_word' id='word_1_37' title='bbox 1044 925 1128 991; x_wconf 90' lang='lat' dir='ltr'>serio</span> <span class='ocrx_word' id='word_1_38' title='bbox 1150 949 1199 990; x_wconf 88' lang='lat' dir='ltr'>res</span> <span class='ocrx_word' id='word_1_39' title='bbox 1222 949 1240 989; x_wconf 87' lang='lat' dir='ltr'>s</span> <span class='ocrx_word' id='word_1_40' title='bbox 1261 926 1353 991; x_wconf 82' lang='lat' dir='ltr'>vobis</span> <span class='ocrx_word' id='word_1_41' title='bbox 1375 926 1429 1012; x_wconf 86' lang='lat' dir='ltr'>agi</span> <span class='ocrx_word' id='word_1_42' title='bbox 1452 924 1608 1011; x_wconf 83' lang='lat' dir='ltr'><strong>ceperit.</strong></span> 
     </span>
    </p>

    <p class='ocr_par' dir='ltr' id='par_1_4' title="bbox 341 1026 1611 3217">
     <span class='ocr_line' id='line_1_7' title="bbox 426 1026 1608 1113; baseline -0.002 -20"><span class='ocrx_word' id='word_1_43' title='bbox 426 1033 473 1094; x_wconf 89' lang='lat' dir='ltr'>At</span> <span class='ocrx_word' id='word_1_44' title='bbox 508 1043 545 1094; x_wconf 93' lang='lat' dir='ltr'>ut</span> <span class='ocrx_word' id='word_1_45' title='bbox 576 1029 706 1093; x_wconf 81' lang='lat' dir='ltr'>interim</span> <span class='ocrx_word' id='word_1_46' title='bbox 736 1028 831 1093; x_wconf 88' lang='lat' dir='ltr'>srmis</span> <span class='ocrx_word' id='word_1_47' title='bbox 865 1027 1091 1102; x_wconf 85' lang='lat' dir='ltr'>abstineamus,</span> <span class='ocrx_word' id='word_1_48' title='bbox 1128 1028 1213 1113; x_wconf 88' lang='lat' dir='ltr'>quod</span> <span class='ocrx_word' id='word_1_49' title='bbox 1248 1027 1321 1091; x_wconf 77' lang='lat' dir='ltr'>Dzio</span> <span class='ocrx_word' id='word_1_50' title='bbox 1353 1039 1461 1090; x_wconf 85' lang='lat' dir='ltr'>vestra</span> <span class='ocrx_word' id='word_1_51' title='bbox 1496 1026 1608 1091; x_wconf 75' lang='lat' dir='ltr'>valde</span> 
     </span>
     <span class='ocr_line' id='line_1_8' title="bbox 341 1127 1607 1217; baseline 0 -25"><span class='ocrx_word' id='word_1_52' title='bbox 341 1130 470 1195; x_wconf 89' lang='lat' dir='ltr'>videtur</span> <span class='ocrx_word' id='word_1_53' title='bbox 502 1152 627 1217; x_wconf 84' lang='lat' dir='ltr'>urgere,</span> <span class='ocrx_word' id='word_1_54' title='bbox 661 1129 776 1193; x_wconf 79' lang='lat' dir='ltr'>incerti</span> <span class='ocrx_word' id='word_1_55' title='bbox 810 1129 882 1215; x_wconf 91' lang='lat' dir='ltr'>quis</span> <span class='ocrx_word' id='word_1_56' title='bbox 915 1141 1050 1193; x_wconf 87' lang='lat' dir='ltr'>eventus</span> <span class='ocrx_word' id='word_1_57' title='bbox 1077 1142 1234 1192; x_wconf 74' lang='lat' dir='ltr'>tractatus</span> <span class='ocrx_word' id='word_1_58' title='bbox 1261 1127 1363 1192; x_wconf 90' lang='lat' dir='ltr'>nostri</span> <span class='ocrx_word' id='word_1_59' title='bbox 1389 1127 1541 1203; x_wconf 84' lang='lat' dir='ltr'>futurus,</span> <span class='ocrx_word' id='word_1_60' title='bbox 1567 1129 1607 1192; x_wconf 92' lang='lat' dir='ltr'>id</span> 
     </span>
     <span class='ocr_line' id='line_1_9' title="bbox 342 1229 1610 1316; baseline 0.001 -23"><span class='ocrx_word' id='word_1_61' title='bbox 342 1254 419 1295; x_wconf 89' lang='lat' dir='ltr'>vero</span> <span class='ocrx_word' id='word_1_62' title='bbox 452 1231 482 1295; x_wconf 84' lang='lat' dir='ltr'>S.</span> <span class='ocrx_word' id='word_1_63' title='bbox 518 1232 555 1294; x_wconf 86' lang='lat' dir='ltr'>R.</span> <span class='ocrx_word' id='word_1_64' title='bbox 589 1229 662 1293; x_wconf 75' lang='lat' dir='ltr'>Mtti</span> <span class='ocrx_word' id='word_1_65' title='bbox 691 1231 876 1316; x_wconf 77' lang='lat' dir='ltr'>persuaderi</span> <span class='ocrx_word' id='word_1_66' title='bbox 904 1252 969 1293; x_wconf 91' lang='lat' dir='ltr'>nou</span> <span class='ocrx_word' id='word_1_67' title='bbox 992 1242 1107 1316; x_wconf 83' lang='lat' dir='ltr'>potest.</span> <span class='ocrx_word' id='word_1_68' title='bbox 1152 1229 1221 1293; x_wconf 88' lang='lat' dir='ltr'>Nec</span> <span class='ocrx_word' id='word_1_69' title='bbox 1244 1230 1416 1316; x_wconf 88' lang='lat' dir='ltr'>quicquam</span> <span class='ocrx_word' id='word_1_70' title='bbox 1439 1231 1523 1292; x_wconf 85' lang='lat' dir='ltr'>novi</span> <span class='ocrx_word' id='word_1_71' title='bbox 1550 1244 1610 1294; x_wconf 88' lang='lat' dir='ltr'>est</span> 
     </span>
     <span class='ocr_line' id='line_1_10' title="bbox 341 1329 1609 1418; baseline -0.002 -22"><span class='ocrx_word' id='word_1_72' title='bbox 341 1333 426 1397; x_wconf 85' lang='lat' dir='ltr'>inter</span> <span class='ocrx_word' id='word_1_73' title='bbox 459 1354 546 1395; x_wconf 87' lang='lat' dir='ltr'>srma</span> <span class='ocrx_word' id='word_1_74' title='bbox 578 1331 618 1395; x_wconf 85' lang='lat' dir='ltr'>de</span> <span class='ocrx_word' id='word_1_75' title='bbox 648 1353 726 1418; x_wconf 87' lang='lat' dir='ltr'>psee</span> <span class='ocrx_word' id='word_1_76' title='bbox 756 1352 862 1415; x_wconf 82' lang='lat' dir='ltr'>agere,</span> <span class='ocrx_word' id='word_1_77' title='bbox 885 1330 912 1394; x_wconf 89' lang='lat' dir='ltr'>si</span> <span class='ocrx_word' id='word_1_78' title='bbox 934 1330 1142 1394; x_wconf 87' lang='lat' dir='ltr'>excutiuntur</span> <span class='ocrx_word' id='word_1_79' title='bbox 1164 1329 1309 1393; x_wconf 86' lang='lat' dir='ltr'>omniurn</span> <span class='ocrx_word' id='word_1_80' title='bbox 1332 1344 1523 1416; x_wconf 87' lang='lat' dir='ltr'>temporum</span> <span class='ocrx_word' id='word_1_81' title='bbox 1552 1330 1609 1394; x_wconf 88' lang='lat' dir='ltr'>hi·</span> 
     </span>
     <span class='ocr_line' id='line_1_11' title="bbox 342 1430 1609 1518; baseline -0.001 -22"><span class='ocrx_word' id='word_1_82' title='bbox 342 1432 461 1496; x_wconf 85' lang='lat' dir='ltr'>storiae:</span> <span class='ocrx_word' id='word_1_83' title='bbox 490 1432 569 1496; x_wconf 87' lang='lat' dir='ltr'>sdeo</span> <span class='ocrx_word' id='word_1_84' title='bbox 591 1432 730 1518; x_wconf 89' lang='lat' dir='ltr'>quidem,</span> <span class='ocrx_word' id='word_1_85' title='bbox 756 1446 791 1495; x_wconf 92' lang='lat' dir='ltr'>ut</span> <span class='ocrx_word' id='word_1_86' title='bbox 812 1430 1016 1517; x_wconf 88' lang='lat' dir='ltr'>frequentius</span> <span class='ocrx_word' id='word_1_87' title='bbox 1039 1430 1090 1507; x_wconf 88' lang='lat' dir='ltr'>sit,</span> <span class='ocrx_word' id='word_1_88' title='bbox 1113 1430 1211 1495; x_wconf 85' lang='lat' dir='ltr'>etiam</span> <span class='ocrx_word' id='word_1_89' title='bbox 1235 1431 1319 1517; x_wconf 93' lang='lat' dir='ltr'>apud</span> <span class='ocrx_word' id='word_1_90' title='bbox 1341 1453 1410 1505; x_wconf 83' lang='lat' dir='ltr'>vos,</span> <span class='ocrx_word' id='word_1_91' title='bbox 1433 1431 1492 1516; x_wconf 88' lang='lat' dir='ltr'>qui</span> <span class='ocrx_word' id='word_1_92' title='bbox 1519 1455 1609 1495; x_wconf 89' lang='lat' dir='ltr'>cum</span> 
     </span>
     <span class='ocr_line' id='line_1_12' title="bbox 341 1531 1609 1619; baseline 0.001 -23"><span class='ocrx_word' id='word_1_93' title='bbox 341 1532 458 1597; x_wconf 86' lang='lat' dir='ltr'>vicinis</span> <span class='ocrx_word' id='word_1_94' title='bbox 485 1533 599 1597; x_wconf 84' lang='lat' dir='ltr'>vestris</span> <span class='ocrx_word' id='word_1_95' title='bbox 628 1532 819 1618; x_wconf 86' lang='lat' dir='ltr'>plerumque</span> <span class='ocrx_word' id='word_1_96' title='bbox 841 1532 926 1596; x_wconf 85' lang='lat' dir='ltr'>inter</span> <span class='ocrx_word' id='word_1_97' title='bbox 948 1554 1107 1596; x_wconf 84' lang='lat' dir='ltr'>urmoruru</span> <span class='ocrx_word' id='word_1_98' title='bbox 1130 1532 1283 1619; x_wconf 84' lang='lat' dir='ltr'>strepitus</span> <span class='ocrx_word' id='word_1_99' title='bbox 1305 1545 1443 1596; x_wconf 86' lang='lat' dir='ltr'>tractare</span> <span class='ocrx_word' id='word_1_100' title='bbox 1468 1531 1609 1597; x_wconf 85' lang='lat' dir='ltr'>soletis.</span> 
     </span>
     <span class='ocr_line' id='line_1_13' title="bbox 342 1631 1611 1721; baseline 0 -23"><span class='ocrx_word' id='word_1_101' title='bbox 342 1633 488 1721; x_wconf 87' lang='lat' dir='ltr'>Cumque</span> <span class='ocrx_word' id='word_1_102' title='bbox 521 1634 560 1698; x_wconf 87' lang='lat' dir='ltr'>sd</span> <span class='ocrx_word' id='word_1_103' title='bbox 589 1633 779 1697; x_wconf 85' lang='lat' dir='ltr'>Mithavism</span> <span class='ocrx_word' id='word_1_104' title='bbox 807 1632 904 1697; x_wconf 88' lang='lat' dir='ltr'>tertio</span> <span class='ocrx_word' id='word_1_105' title='bbox 927 1632 1043 1697; x_wconf 76' lang='lat' dir='ltr'>abhinc</span> <span class='ocrx_word' id='word_1_106' title='bbox 1066 1655 1151 1697; x_wconf 91' lang='lat' dir='ltr'>anno</span> <span class='ocrx_word' id='word_1_107' title='bbox 1174 1634 1258 1696; x_wconf 88' lang='lat' dir='ltr'>iuter</span> <span class='ocrx_word' id='word_1_108' title='bbox 1279 1655 1338 1697; x_wconf 91' lang='lat' dir='ltr'>nos</span> <span class='ocrx_word' id='word_1_109' title='bbox 1359 1631 1511 1696; x_wconf 90' lang='lat' dir='ltr'>inducias</span> <span class='ocrx_word' id='word_1_110' title='bbox 1538 1635 1611 1698; x_wconf 92' lang='lat' dir='ltr'>ini·</span> 
     </span>
     <span class='ocr_line' id='line_1_14' title="bbox 342 1732 1609 1819; baseline 0.003 -24"><span class='ocrx_word' id='word_1_111' title='bbox 342 1736 509 1810; x_wconf 73' lang='lat' dir='ltr'>vincemus,</span> <span class='ocrx_word' id='word_1_112' title='bbox 543 1732 622 1798; x_wconf 88' lang='lat' dir='ltr'>sdeo</span> <span class='ocrx_word' id='word_1_113' title='bbox 656 1748 763 1798; x_wconf 87' lang='lat' dir='ltr'>tamen</span> <span class='ocrx_word' id='word_1_114' title='bbox 796 1734 881 1797; x_wconf 87' lang='lat' dir='ltr'>inter</span> <span class='ocrx_word' id='word_1_115' title='bbox 913 1756 1000 1797; x_wconf 84' lang='lat' dir='ltr'>arms</span> <span class='ocrx_word' id='word_1_116' title='bbox 1031 1756 1126 1819; x_wconf 78' lang='lat' dir='ltr'>cgere</span> <span class='ocrx_word' id='word_1_117' title='bbox 1152 1732 1310 1807; x_wconf 87' lang='lat' dir='ltr'>voluistis,</span> <span class='ocrx_word' id='word_1_118' title='bbox 1339 1745 1384 1810; x_wconf 90' lang='lat' dir='ltr'>ut,</span> <span class='ocrx_word' id='word_1_119' title='bbox 1407 1756 1486 1797; x_wconf 89' lang='lat' dir='ltr'>curn</span> <span class='ocrx_word' id='word_1_120' title='bbox 1511 1736 1609 1799; x_wconf 86' lang='lat' dir='ltr'>nihil</span> 
     </span>
     <span class='ocr_line' id='line_1_15' title="bbox 342 1832 1611 1921; baseline 0.001 -22"><span class='ocrx_word' id='word_1_121' title='bbox 342 1835 448 1899; x_wconf 86' lang='lat' dir='ltr'>miuus</span> <span class='ocrx_word' id='word_1_122' title='bbox 480 1832 780 1921; x_wconf 85' lang='lat' dir='ltr'>ex[s]pectaremus,</span> <span class='ocrx_word' id='word_1_123' title='bbox 814 1835 912 1921; x_wconf 87' lang='lat' dir='ltr'>idque</span> <span class='ocrx_word' id='word_1_124' title='bbox 945 1833 1086 1897; x_wconf 89' lang='lat' dir='ltr'>induciis</span> <span class='ocrx_word' id='word_1_125' title='bbox 1118 1833 1198 1919; x_wconf 92' lang='lat' dir='ltr'>ipsis</span> <span class='ocrx_word' id='word_1_126' title='bbox 1227 1834 1460 1909; x_wconf 76' lang='lat' dir='ltr'>adversaretur,</span> <span class='ocrx_word' id='word_1_127' title='bbox 1491 1849 1611 1901; x_wconf 84' lang='lat' dir='ltr'>castra</span> 
     </span>
     <span class='ocr_line' id='line_1_16' title="bbox 342 1934 1608 2015; baseline 0.002 -16"><span class='ocrx_word' id='word_1_128' title='bbox 342 1949 449 2000; x_wconf 85' lang='lat' dir='ltr'>tsmen</span> <span class='ocrx_word' id='word_1_129' title='bbox 484 1949 598 2011; x_wconf 82' lang='lat' dir='ltr'>vestra,</span> <span class='ocrx_word' id='word_1_130' title='bbox 627 1936 762 1999; x_wconf 84' lang='lat' dir='ltr'>traiecto</span> <span class='ocrx_word' id='word_1_131' title='bbox 785 1934 854 1998; x_wconf 84' lang='lat' dir='ltr'>siue</span> <span class='ocrx_word' id='word_1_132' title='bbox 877 1934 965 1999; x_wconf 90' lang='lat' dir='ltr'>omni</span> <span class='ocrx_word' id='word_1_133' title='bbox 991 1956 1087 1998; x_wconf 83' lang='lat' dir='ltr'>cause</span> <span class='ocrx_word' id='word_1_134' title='bbox 1109 1948 1197 1998; x_wconf 88' lang='lat' dir='ltr'>trans</span> <span class='ocrx_word' id='word_1_135' title='bbox 1220 1934 1349 1998; x_wconf 89' lang='lat' dir='ltr'>Dunum</span> <span class='ocrx_word' id='word_1_136' title='bbox 1372 1936 1543 2015; x_wconf 84' lang='lat' dir='ltr'>exercitu,</span> <span class='ocrx_word' id='word_1_137' title='bbox 1569 1940 1608 2002; x_wconf 89' lang='lat' dir='ltr'>in</span> 
     </span>
     <span class='ocr_line' id='line_1_17' title="bbox 343 2035 1609 2123; baseline 0.002 -22"><span class='ocrx_word' id='word_1_138' title='bbox 343 2050 518 2123; x_wconf 90' lang='lat' dir='ltr'>conspectu</span> <span class='ocrx_word' id='word_1_139' title='bbox 553 2035 785 2122; x_wconf 87' lang='lat' dir='ltr'>propemodum</span> <span class='ocrx_word' id='word_1_140' title='bbox 819 2050 928 2099; x_wconf 89' lang='lat' dir='ltr'>nostro</span> <span class='ocrx_word' id='word_1_141' title='bbox 960 2035 1173 2111; x_wconf 88' lang='lat' dir='ltr'>collocaretis,</span> <span class='ocrx_word' id='word_1_142' title='bbox 1206 2058 1266 2100; x_wconf 84' lang='lat' dir='ltr'>nec</span> <span class='ocrx_word' id='word_1_143' title='bbox 1300 2035 1375 2099; x_wconf 91' lang='lat' dir='ltr'>ullis</span> <span class='ocrx_word' id='word_1_144' title='bbox 1408 2038 1609 2103; x_wconf 74' lang='lat' dir='ltr'>rationibus</span> 
     </span>
     <span class='ocr_line' id='line_1_18' title="bbox 342 2134 1608 2224; baseline 0.002 -24"><span class='ocrx_word' id='word_1_145' title='bbox 342 2136 561 2224; x_wconf 78' lang='lat' dir='ltr'>quamtumvis</span> <span class='ocrx_word' id='word_1_146' title='bbox 578 2136 815 2223; x_wconf 72' lang='lat' dir='ltr'>pregnantibus</span> <span class='ocrx_word' id='word_1_147' title='bbox 830 2136 870 2199; x_wconf 89' lang='lat' dir='ltr'>ab</span> <span class='ocrx_word' id='word_1_148' title='bbox 885 2134 946 2199; x_wconf 90' lang='lat' dir='ltr'>hoc</span> <span class='ocrx_word' id='word_1_149' title='bbox 960 2150 1064 2200; x_wconf 87' lang='lat' dir='ltr'>vestro</span> <span class='ocrx_word' id='word_1_150' title='bbox 1078 2137 1242 2222; x_wconf 88' lang='lat' dir='ltr'>proposito</span> <span class='ocrx_word' id='word_1_151' title='bbox 1254 2136 1410 2201; x_wconf 88' lang='lat' dir='ltr'>dimoveri</span> <span class='ocrx_word' id='word_1_152' title='bbox 1424 2140 1608 2224; x_wconf 88' lang='lat' dir='ltr'>potuistis.</span> 
     </span>
     <span class='ocr_line' id='line_1_19' title="bbox 343 2236 1611 2324; baseline 0.005 -24"><span class='ocrx_word' id='word_1_153' title='bbox 343 2238 464 2316; x_wconf 78' lang='lat' dir='ltr'>Quibus</span> <span class='ocrx_word' id='word_1_154' title='bbox 498 2236 598 2323; x_wconf 90' lang='lat' dir='ltr'>probe</span> <span class='ocrx_word' id='word_1_155' title='bbox 628 2236 802 2323; x_wconf 87' lang='lat' dir='ltr'>perpensis,</span> <span class='ocrx_word' id='word_1_156' title='bbox 831 2260 894 2300; x_wconf 90' lang='lat' dir='ltr'>non</span> <span class='ocrx_word' id='word_1_157' title='bbox 918 2237 1074 2323; x_wconf 90' lang='lat' dir='ltr'>estquod</span> <span class='ocrx_word' id='word_1_158' title='bbox 1098 2236 1172 2301; x_wconf 77' lang='lat' dir='ltr'>Dzio</span> <span class='ocrx_word' id='word_1_159' title='bbox 1195 2250 1301 2302; x_wconf 88' lang='lat' dir='ltr'>vestrs</span> <span class='ocrx_word' id='word_1_160' title='bbox 1323 2261 1407 2324; x_wconf 79' lang='lat' dir='ltr'>aegre</span> <span class='ocrx_word' id='word_1_161' title='bbox 1430 2239 1521 2304; x_wconf 84' lang='lat' dir='ltr'>ferat</span> <span class='ocrx_word' id='word_1_162' title='bbox 1547 2257 1611 2306; x_wconf 90' lang='lat' dir='ltr'>aut</span> 
     </span>
     <span class='ocr_line' id='line_1_20' title="bbox 342 2336 1608 2422; baseline 0.005 -20"><span class='ocrx_word' id='word_1_163' title='bbox 342 2360 376 2402; x_wconf 90' lang='lat' dir='ltr'>se</span> <span class='ocrx_word' id='word_1_164' title='bbox 410 2362 429 2402; x_wconf 87' lang='lat' dir='ltr'>s</span> <span class='ocrx_word' id='word_1_165' title='bbox 461 2350 601 2401; x_wconf 85' lang='lat' dir='ltr'>truetstu</span> <span class='ocrx_word' id='word_1_166' title='bbox 635 2336 723 2422; x_wconf 88' lang='lat' dir='ltr'>pacis</span> <span class='ocrx_word' id='word_1_167' title='bbox 756 2337 924 2401; x_wconf 87' lang='lat' dir='ltr'>absterreri</span> <span class='ocrx_word' id='word_1_168' title='bbox 952 2340 1045 2415; x_wconf 83' lang='lat' dir='ltr'>siunt,</span> <span class='ocrx_word' id='word_1_169' title='bbox 1073 2337 1100 2401; x_wconf 90' lang='lat' dir='ltr'>si</span> <span class='ocrx_word' id='word_1_170' title='bbox 1128 2337 1159 2402; x_wconf 86' lang='lat' dir='ltr'>S.</span> <span class='ocrx_word' id='word_1_171' title='bbox 1183 2338 1220 2403; x_wconf 86' lang='lat' dir='ltr'>R.</span> <span class='ocrx_word' id='word_1_172' title='bbox 1244 2338 1349 2416; x_wconf 80' lang='lat' dir='ltr'>Mttss,</span> <span class='ocrx_word' id='word_1_173' title='bbox 1372 2339 1451 2403; x_wconf 93' lang='lat' dir='ltr'>dum</span> <span class='ocrx_word' id='word_1_174' title='bbox 1476 2341 1513 2404; x_wconf 92' lang='lat' dir='ltr'>in</span> <span class='ocrx_word' id='word_1_175' title='bbox 1541 2342 1608 2408; x_wconf 75' lang='lat' dir='ltr'>hoc</span> 
     </span>
     <span class='ocr_line' id='line_1_21' title="bbox 343 2437 1609 2529; baseline 0.007 -30"><span class='ocrx_word' id='word_1_176' title='bbox 343 2438 427 2503; x_wconf 89' lang='lat' dir='ltr'>vivit</span> <span class='ocrx_word' id='word_1_177' title='bbox 458 2437 699 2514; x_wconf 85' lang='lat' dir='ltr'>incertitudine,</span> <span class='ocrx_word' id='word_1_178' title='bbox 734 2437 828 2501; x_wconf 84' lang='lat' dir='ltr'>ermis</span> <span class='ocrx_word' id='word_1_179' title='bbox 861 2438 926 2501; x_wconf 90' lang='lat' dir='ltr'>suis</span> <span class='ocrx_word' id='word_1_180' title='bbox 953 2439 1103 2523; x_wconf 80' lang='lat' dir='ltr'>progredi</span> <span class='ocrx_word' id='word_1_181' title='bbox 1125 2462 1190 2503; x_wconf 91' lang='lat' dir='ltr'>non</span> <span class='ocrx_word' id='word_1_182' title='bbox 1212 2440 1383 2505; x_wconf 88' lang='lat' dir='ltr'>destiterit.</span> <span class='ocrx_word' id='word_1_183' title='bbox 1427 2441 1474 2505; x_wconf 82' lang='lat' dir='ltr'>Et</span> <span class='ocrx_word' id='word_1_184' title='bbox 1498 2466 1609 2529; x_wconf 77' lang='lat' dir='ltr'>quom</span> 
     </span>
     <span class='ocr_line' id='line_1_22' title="bbox 343 2538 1609 2632; baseline 0.004 -29"><span class='ocrx_word' id='word_1_185' title='bbox 343 2540 444 2603; x_wconf 89' lang='lat' dir='ltr'>nostri</span> <span class='ocrx_word' id='word_1_186' title='bbox 477 2538 592 2602; x_wconf 86' lang='lat' dir='ltr'>tuendi</span> <span class='ocrx_word' id='word_1_187' title='bbox 619 2538 843 2603; x_wconf 79' lang='lat' dir='ltr'>necessitatem</span> <span class='ocrx_word' id='word_1_188' title='bbox 870 2540 941 2603; x_wconf 86' lang='lat' dir='ltr'>Rex</span> <span class='ocrx_word' id='word_1_189' title='bbox 967 2562 1003 2603; x_wconf 81' lang='lat' dir='ltr'>uc</span> <span class='ocrx_word' id='word_1_190' title='bbox 1026 2539 1223 2626; x_wconf 88' lang='lat' dir='ltr'>Respublics</span> <span class='ocrx_word' id='word_1_191' title='bbox 1245 2556 1350 2605; x_wconf 82' lang='lat' dir='ltr'>vestro</span> <span class='ocrx_word' id='word_1_192' title='bbox 1371 2541 1467 2606; x_wconf 93' lang='lat' dir='ltr'>nobis</span> <span class='ocrx_word' id='word_1_193' title='bbox 1491 2543 1609 2632; x_wconf 90' lang='lat' dir='ltr'>impo-</span> 
     </span>
     <span class='ocr_line' id='line_1_23' title="bbox 344 2638 1609 2729; baseline 0.004 -25"><span class='ocrx_word' id='word_1_194' title='bbox 344 2639 419 2715; x_wconf 88' lang='lat' dir='ltr'>suit,</span> <span class='ocrx_word' id='word_1_195' title='bbox 453 2661 522 2704; x_wconf 86' lang='lat' dir='ltr'>eam</span> <span class='ocrx_word' id='word_1_196' title='bbox 546 2639 572 2702; x_wconf 95' lang='lat' dir='ltr'>si</span> <span class='ocrx_word' id='word_1_197' title='bbox 596 2638 703 2703; x_wconf 86' lang='lat' dir='ltr'>vslere</span> <span class='ocrx_word' id='word_1_198' title='bbox 727 2640 812 2725; x_wconf 87' lang='lat' dir='ltr'>apud</span> <span class='ocrx_word' id='word_1_199' title='bbox 835 2661 893 2703; x_wconf 89' lang='lat' dir='ltr'>nos</span> <span class='ocrx_word' id='word_1_200' title='bbox 916 2640 1164 2727; x_wconf 88' lang='lat' dir='ltr'>permiserimus,</span> <span class='ocrx_word' id='word_1_201' title='bbox 1189 2641 1260 2706; x_wconf 93' lang='lat' dir='ltr'>Deo</span> <span class='ocrx_word' id='word_1_202' title='bbox 1282 2654 1380 2729; x_wconf 85' lang='lat' dir='ltr'>atquc</span> <span class='ocrx_word' id='word_1_203' title='bbox 1403 2642 1609 2711; x_wconf 91' lang='lat' dir='ltr'>homiuibus</span> 
     </span>
     <span class='ocr_line' id='line_1_24' title="bbox 343 2740 1609 2834; baseline 0.006 -28"><span class='ocrx_word' id='word_1_204' title='bbox 343 2752 431 2806; x_wconf 90' lang='lat' dir='ltr'>recte</span> <span class='ocrx_word' id='word_1_205' title='bbox 460 2740 684 2822; x_wconf 86' lang='lat' dir='ltr'>judicantibus</span> <span class='ocrx_word' id='word_1_206' title='bbox 718 2741 888 2827; x_wconf 79' lang='lat' dir='ltr'>probatum</span> <span class='ocrx_word' id='word_1_207' title='bbox 922 2741 963 2805; x_wconf 89' lang='lat' dir='ltr'>iri</span> <span class='ocrx_word' id='word_1_208' title='bbox 996 2740 1197 2806; x_wconf 85' lang='lat' dir='ltr'>confidimus.</span> <span class='ocrx_word' id='word_1_209' title='bbox 1247 2746 1294 2808; x_wconf 85' lang='lat' dir='ltr'>At</span> <span class='ocrx_word' id='word_1_210' title='bbox 1319 2743 1347 2807; x_wconf 90' lang='lat' dir='ltr'>si</span> <span class='ocrx_word' id='word_1_211' title='bbox 1374 2742 1609 2834; x_wconf 87' lang='lat' dir='ltr'>D[ominat]io</span> 
     </span>
     <span class='ocr_line' id='line_1_25' title="bbox 343 2840 1608 2936; baseline 0.007 -33"><span class='ocrx_word' id='word_1_212' title='bbox 343 2855 450 2906; x_wconf 83' lang='lat' dir='ltr'>vestra</span> <span class='ocrx_word' id='word_1_213' title='bbox 473 2841 534 2905; x_wconf 93' lang='lat' dir='ltr'>hoc</span> <span class='ocrx_word' id='word_1_214' title='bbox 557 2842 741 2929; x_wconf 78' lang='lat' dir='ltr'>negocium,</span> <span class='ocrx_word' id='word_1_215' title='bbox 764 2853 801 2905; x_wconf 89' lang='lat' dir='ltr'>ut</span> <span class='ocrx_word' id='word_1_216' title='bbox 823 2840 952 2905; x_wconf 85' lang='lat' dir='ltr'>videtur</span> <span class='ocrx_word' id='word_1_217' title='bbox 974 2842 1119 2917; x_wconf 84' lang='lat' dir='ltr'>innuere,</span> <span class='ocrx_word' id='word_1_218' title='bbox 1141 2841 1327 2919; x_wconf 87' lang='lat' dir='ltr'>deseruerit,</span> <span class='ocrx_word' id='word_1_219' title='bbox 1350 2844 1433 2908; x_wconf 86' lang='lat' dir='ltr'>sciat</span> <span class='ocrx_word' id='word_1_220' title='bbox 1451 2845 1489 2910; x_wconf 94' lang='lat' dir='ltr'>id</span> <span class='ocrx_word' id='word_1_221' title='bbox 1512 2847 1608 2936; x_wconf 77' lang='lat' dir='ltr'>Regi</span> 
     </span>
     <span class='ocr_line' id='line_1_26' title="bbox 345 2941 1607 3032; baseline 0.006 -26"><span class='ocrx_word' id='word_1_222' title='bbox 345 2941 609 3029; x_wconf 81' lang='lat' dir='ltr'>Reiquepublicae</span> <span class='ocrx_word' id='word_1_223' title='bbox 642 2965 708 3006; x_wconf 81' lang='lat' dir='ltr'>sure</span> <span class='ocrx_word' id='word_1_224' title='bbox 742 2954 799 3005; x_wconf 84' lang='lat' dir='ltr'>sut</span> <span class='ocrx_word' id='word_1_225' title='bbox 830 2941 924 3006; x_wconf 89' lang='lat' dir='ltr'>nobis</span> <span class='ocrx_word' id='word_1_226' title='bbox 957 2942 1038 3007; x_wconf 89' lang='lat' dir='ltr'>vitio</span> <span class='ocrx_word' id='word_1_227' title='bbox 1070 2943 1153 3007; x_wconf 87' lang='lat' dir='ltr'>verti</span> <span class='ocrx_word' id='word_1_228' title='bbox 1182 2967 1284 3030; x_wconf 90' lang='lat' dir='ltr'>posse,</span> <span class='ocrx_word' id='word_1_229' title='bbox 1308 2945 1364 3030; x_wconf 89' lang='lat' dir='ltr'>qui</span> <span class='ocrx_word' id='word_1_230' title='bbox 1388 2944 1506 3010; x_wconf 89' lang='lat' dir='ltr'>multis</span> <span class='ocrx_word' id='word_1_231' title='bbox 1528 2948 1607 3032; x_wconf 88' lang='lat' dir='ltr'>jam</span> 
     </span>
     <span class='ocr_line' id='line_1_27' title="bbox 345 3041 1608 3134; baseline 0.005 -27"><span class='ocrx_word' id='word_1_232' title='bbox 345 3043 436 3107; x_wconf 86' lang='lat' dir='ltr'>annis</span> <span class='ocrx_word' id='word_1_233' title='bbox 450 3042 637 3107; x_wconf 87' lang='lat' dir='ltr'>circumacti</span> <span class='ocrx_word' id='word_1_234' title='bbox 653 3042 835 3106; x_wconf 92' lang='lat' dir='ltr'>istiusmodi</span> <span class='ocrx_word' id='word_1_235' title='bbox 850 3041 985 3106; x_wconf 82' lang='lat' dir='ltr'>consiliu</span> <span class='ocrx_word' id='word_1_236' title='bbox 999 3041 1210 3128; x_wconf 87' lang='lat' dir='ltr'>imposterum</span> <span class='ocrx_word' id='word_1_237' title='bbox 1227 3045 1396 3110; x_wconf 72' lang='lat' dir='ltr'>admittere</span> <span class='ocrx_word' id='word_1_238' title='bbox 1412 3068 1480 3111; x_wconf 88' lang='lat' dir='ltr'>uon</span> <span class='ocrx_word' id='word_1_239' title='bbox 1495 3051 1608 3134; x_wconf 86' lang='lat' dir='ltr'>possi·</span> 
     </span>
     <span class='ocr_line' id='line_1_28' title="bbox 345 3141 1606 3217; baseline 0.006 -10"><span class='ocrx_word' id='word_1_240' title='bbox 345 3168 425 3208; x_wconf 89' lang='lat' dir='ltr'>mus.</span> <span class='ocrx_word' id='word_1_241' title='bbox 471 3144 639 3208; x_wconf 88' lang='lat' dir='ltr'>Dabuntur</span> <span class='ocrx_word' id='word_1_242' title='bbox 660 3167 678 3208; x_wconf 87' lang='lat' dir='ltr'>e</span> <span class='ocrx_word' id='word_1_243' title='bbox 700 3143 812 3208; x_wconf 89' lang='lat' dir='ltr'>castris</span> <span class='ocrx_word' id='word_1_244' title='bbox 836 3166 853 3206; x_wconf 89' lang='lat' dir='ltr'>u</span> <span class='ocrx_word' id='word_1_245' title='bbox 876 3141 1110 3208; x_wconf 84' lang='lat' dir='ltr'>Kskenhansen</span> <span class='ocrx_word' id='word_1_246' title='bbox 1133 3145 1186 3209; x_wconf 88' lang='lat' dir='ltr'>die</span> <span class='ocrx_word' id='word_1_247' title='bbox 1211 3148 1250 3209; x_wconf 92' lang='grc'>16</span> <span class='ocrx_word' id='word_1_248' title='bbox 1272 3145 1356 3211; x_wconf 78' lang='lat' dir='ltr'>Julii</span> <span class='ocrx_word' id='word_1_249' title='bbox 1378 3150 1478 3211; x_wconf 85' lang='lat' dir='ltr'>Auno</span> <span class='ocrx_word' id='word_1_250' title='bbox 1502 3152 1606 3217; x_wconf 83' lang='lat'>1625.</span> 
     </span>
    </p>
   </div>
   <div class='ocr_carea' id='block_1_4' title="bbox 1117 3329 1510 3499">
    <p class='ocr_par' dir='ltr' id='par_1_5' title="bbox 1117 3329 1510 3499">
     <span class='ocr_line' id='line_1_29' title="bbox 1117 3329 1510 3409; baseline 0.01 -16"><span class='ocrx_word' id='word_1_251' title='bbox 1117 3329 1257 3394; x_wconf 82' lang='lat' dir='ltr'>Axelius</span> <span class='ocrx_word' id='word_1_252' title='bbox 1280 3330 1510 3409; x_wconf 84' lang='lat' dir='ltr'>Oxensticrns,</span> 
     </span>
     <span class='ocr_line' id='line_1_30' title="bbox 1138 3434 1488 3499; baseline 0.009 -15"><span class='ocrx_word' id='word_1_253' title='bbox 1138 3434 1225 3499; x_wconf 79' lang='lat' dir='ltr'>Regni</span> <span class='ocrx_word' id='word_1_254' title='bbox 1244 3435 1268 3485; x_wconf 85' lang='lat' dir='ltr'>S.</span> <span class='ocrx_word' id='word_1_255' title='bbox 1288 3436 1488 3487; x_wconf 78' lang='lat' dir='ltr'>Cancellsrius.</span> 
     </span>
    </p>
   </div>
   <div class='ocr_carea' id='block_1_5' title="bbox 433 3566 997 3629">
    <p class='ocr_par' dir='ltr' id='par_1_6' title="bbox 433 3566 997 3629">
     <span class='ocr_line' id='line_1_31' title="bbox 433 3566 997 3629; baseline -0.002 -12"><span class='ocrx_word' id='word_1_256' title='bbox 433 3566 602 3629; x_wconf 73' lang='lat' dir='ltr'>Utanrkrs&#39;st:</span> <span class='ocrx_word' id='word_1_257' title='bbox 621 3566 729 3616; x_wconf 77' lang='lat' dir='ltr'>Sammo</span> <span class='ocrx_word' id='word_1_258' title='bbox 747 3581 805 3615; x_wconf 91' lang='lat' dir='ltr'>som</span> <span class='ocrx_word' id='word_1_259' title='bbox 823 3568 868 3616; x_wconf 83' lang='lat' dir='ltr'>rid</span> <span class='ocrx_word' id='word_1_260' title='bbox 888 3567 937 3617; x_wconf 76' lang='lat' dir='ltr'>Nu)</span> <span class='ocrx_word' id='word_1_261' title='bbox 957 3571 997 3616; x_wconf 78' lang='lat'>5³.</span> 
     </span>
    </p>
   </div>
   <div class='ocr_carea' id='block_1_6' title="bbox 344 3700 1605 3854">
    <p class='ocr_par' dir='ltr' id='par_1_7' title="bbox 344 3700 1605 3854">
     <span class='ocr_line' id='line_1_32' title="bbox 429 3700 1604 3774; baseline 0.009 -25"><span class='ocrx_word' id='word_1_262' title='bbox 429 3701 509 3750; x_wconf 79' lang='lat' dir='ltr'>Eftsr</span> <span class='ocrx_word' id='word_1_263' title='bbox 534 3701 738 3764; x_wconf 81' lang='lat' dir='ltr'>monuskrlptst</span> <span class='ocrx_word' id='word_1_264' title='bbox 764 3700 809 3750; x_wconf 89' lang='lat' dir='ltr'>till</span> <span class='ocrx_word' id='word_1_265' title='bbox 836 3702 870 3752; x_wconf 90' lang='lat' dir='ltr'>de</span> <span class='ocrx_word' id='word_1_266' title='bbox 896 3703 986 3752; x_wconf 86' lang='lat' dir='ltr'>under</span> <span class='ocrx_word' id='word_1_267' title='bbox 1007 3703 1058 3753; x_wconf 88' lang='lat' dir='ltr'>N:o</span> <span class='ocrx_word' id='word_1_268' title='bbox 1076 3707 1108 3752; x_wconf 81' lang='lat'>49</span> <span class='ocrx_word' id='word_1_269' title='bbox 1127 3704 1294 3754; x_wconf 70' lang='lat' dir='ltr'>omnemnda</span> <span class='ocrx_word' id='word_1_270' title='bbox 1314 3708 1405 3754; x_wconf 78' lang='lat' dir='ltr'>»Actus</span> <span class='ocrx_word' id='word_1_271' title='bbox 1423 3710 1445 3755; x_wconf 77' lang='lat' dir='ltr'>ts</span> <span class='ocrx_word' id='word_1_272' title='bbox 1465 3708 1604 3774; x_wconf 70' lang='lat' dir='ltr'>Licere»,</span> 
     </span>
     <span class='ocr_line' id='line_1_33' title="bbox 344 3783 1605 3854; baseline 0.009 -22"><span class='ocrx_word' id='word_1_273' title='bbox 344 3783 480 3846; x_wconf 69' lang='lat' dir='ltr'>juniordt</span> <span class='ocrx_word' id='word_1_274' title='bbox 500 3785 563 3834; x_wconf 87' lang='lat' dir='ltr'>med</span> <span class='ocrx_word' id='word_1_275' title='bbox 586 3784 732 3848; x_wconf 76' lang='lat' dir='ltr'>sttryeket.</span> <span class='ocrx_word' id='word_1_276' title='bbox 767 3783 781 3833; x_wconf 95' lang='lat'>1</span> <span class='ocrx_word' id='word_1_277' title='bbox 799 3785 1003 3850; x_wconf 81' lang='lat' dir='ltr'>munuskriptet</span> <span class='ocrx_word' id='word_1_278' title='bbox 1021 3789 1071 3837; x_wconf 88' lang='lat' dir='ltr'>har</span> <span class='ocrx_word' id='word_1_279' title='bbox 1088 3789 1219 3838; x_wconf 84' lang='lat' dir='ltr'>kauslsrn</span> <span class='ocrx_word' id='word_1_280' title='bbox 1237 3789 1427 3853; x_wconf 70' lang='lat' dir='ltr'>egenhtudigt</span> <span class='ocrx_word' id='word_1_281' title='bbox 1446 3790 1526 3854; x_wconf 80' lang='lat' dir='ltr'>giort</span> <span class='ocrx_word' id='word_1_282' title='bbox 1546 3800 1605 3846; x_wconf 73' lang='lat' dir='ltr'>rit</span> 
     </span>
    </p>
   </div>
   <div class='ocr_carea' id='block_1_7' title="bbox 344 3868 1602 4016">
    <p class='ocr_par' dir='ltr' id='par_1_8' title="bbox 344 3868 1602 4016">
     <span class='ocr_line' id='line_1_34' title="bbox 344 3868 1602 3938; baseline 0.01 -21"><span class='ocrx_word' id='word_1_283' title='bbox 344 3869 432 3918; x_wconf 87' lang='lat' dir='ltr'>telssr</span> <span class='ocrx_word' id='word_1_284' title='bbox 454 3872 525 3917; x_wconf 86' lang='lat' dir='ltr'>samt</span> <span class='ocrx_word' id='word_1_285' title='bbox 547 3869 641 3931; x_wconf 78' lang='lat' dir='ltr'>tillagt</span> <span class='ocrx_word' id='word_1_286' title='bbox 663 3868 789 3931; x_wconf 72' lang='lat' dir='ltr'>tbljands</span> <span class='ocrx_word' id='word_1_287' title='bbox 807 3870 983 3920; x_wconf 77' lang='lat' dir='ltr'>dtvsrskrift:</span> <span class='ocrx_word' id='word_1_288' title='bbox 1010 3871 1175 3936; x_wconf 79' lang='lat' dir='ltr'>»Responsio</span> <span class='ocrx_word' id='word_1_289' title='bbox 1194 3872 1359 3923; x_wconf 78' lang='lat' dir='ltr'>Osucsltsrii</span> <span class='ocrx_word' id='word_1_290' title='bbox 1378 3873 1470 3938; x_wconf 72' lang='lat' dir='ltr'>Regni</span> <span class='ocrx_word' id='word_1_291' title='bbox 1490 3877 1602 3930; x_wconf 69' lang='lat' dir='ltr'>Sueciae</span> 
     </span>
     <span class='ocr_line' id='line_1_35' title="bbox 345 3952 801 4016; baseline 0.002 -17"><span class='ocrx_word' id='word_1_292' title='bbox 345 3953 382 4001; x_wconf 80' lang='lat' dir='ltr'>sd</span> <span class='ocrx_word' id='word_1_293' title='bbox 400 3952 540 4002; x_wconf 78' lang='lat' dir='ltr'>exhibttas</span> <span class='ocrx_word' id='word_1_294' title='bbox 558 3953 801 4016; x_wconf 68' lang='lat' dir='ltr'>plenipotentia».</span> 
     </span>
    </p>
   </div>
   <div class='ocr_carea' id='block_1_8' title="bbox 869 4158 1069 4167">
    <p class='ocr_par' dir='ltr' id='par_1_9' title="bbox 869 4158 1069 4167">
     <span class='ocr_line' id='line_1_36' title="bbox 869 4158 1069 4167; baseline 0.015 -3"><span class='ocrx_word' id='word_1_295' title='bbox 869 4158 1069 4167; x_wconf 51' lang='grc' dir='ltr'>ᾑ-</span> 
     </span>
    </p>
   </div>
   <div class='ocr_carea' id='block_1_9' title="bbox 0 0 1666 5362">
    <p class='ocr_par' dir='ltr' id='par_1_10' title="bbox 0 0 1666 5362">
     <span class='ocr_line' id='line_1_37' title="bbox 0 0 1666 5362; baseline 0 0"><span class='ocrx_word' id='word_1_296' title='bbox 0 0 1666 5362; x_wconf 95' lang='lat' dir='ltr'> </span> 
     </span>
    </p>
   </div>
  </div>
 </body>
</html>
