3264 5354
1240 472 1280 535 25

81 633 193 698 Circnli
216 634 390 700 Inferioris
412 659 469 722 per
491 658 525 699 ae
547 649 750 711 convocatos,
773 635 909 724 ideoque
932 658 996 701 non
1019 659 1132 702 vacare
1153 637 1216 701 sibi
1236 661 1323 703 nunc

81 756 145 799 cnm
167 735 311 800 Domino
334 758 409 801 meo
431 734 593 824 congredi.
637 734 772 800 Interim
795 758 859 822 proe
879 758 912 801 se
932 738 996 801 fert
1010 736 1082 801 Rex
1098 737 1220 816 Darne,
1235 739 1322 824 quod

81 836 184 922 cupiat
206 859 259 900 res
282 836 442 922 collapsas
465 859 652 901 communes
673 837 849 913 restitutae,
864 858 961 923 seque
977 839 1090 902 ceteris
1106 837 1323 903 laborantibus

83 936 180 1000 ‘nnnc
202 937 357 1002 demum*
378 939 516 1025 jungere
538 937 632 1015 velit;
656 959 693 1000 ac
709 937 812 1023 primo
827 937 958 1024 quidem
975 938 1140 1025 Principes
1155 939 1325 1005 Inferioris

82 1035 222 1100 Saxoniae
255 1052 426 1111 convocat,
460 1052 496 1102 ut
522 1038 562 1103 de
590 1051 679 1102 arcta
699 1036 927 1102 coniunctione
950 1061 987 1102 ac
1011 1039 1106 1103 modo
1129 1040 1323 1125 procedendi

81 1160 146 1201 curn
179 1136 248 1201 illis
283 1151 361 1226 agat
393 1153 426 1203 et
452 1152 581 1203 statuat.
631 1138 758 1203 Deinde
781 1139 906 1203 Ducem
929 1138 1076 1204 Saxonie
1098 1139 1324 1205 Vinarieneem

81 1238 180 1302 forsan
203 1237 324 1304 itinere
346 1263 405 1325 per
426 1240 564 1304 Daniam
587 1252 717 1324 sumpto
738 1240 778 1303 ad
800 1261 858 1303 nos
873 1240 1122 1305 contendentem
1137 1257 1323 1319 remoratur,

81 1353 111 1402 et
136 1361 196 1403 suo
219 1340 364 1414 servitio,
386 1353 424 1404 ut
445 1339 588 1407 Gallicus
611 1340 737 1427 legatus
758 1339 881 1416 retulit,
904 1339 1026 1405 addicit
1047 1339 1081 1404 in
1105 1364 1198 1406 usum
1222 1364 1325 1406 causa

81 1439 266 1504 communis.
312 1440 457 1506 Tandem
481 1441 588 1527 legato
611 1439 736 1505 Gallico
757 1440 888 1517 fatetur,
912 1462 946 1506 se
968 1441 1104 1506 militem
1128 1463 1243 1528 cogere
1260 1465 1322 1506 non

81 1563 167 1626 posse
190 1542 235 1605 ob
256 1542 482 1606 imminentem
505 1538 683 1605 Tillianum
706 1542 897 1618 exercitum,
920 1541 982 1605 nisi
1002 1542 1166 1619 obtendat,
1182 1564 1216 1606 se
1231 1542 1324 1607 illum

81 1641 117 1704 ob
141 1654 268 1706 metum
296 1665 315 1705 a
341 1641 429 1729 Rege
457 1663 528 1705 meo
549 1641 763 1720 conscribere3
786 1654 819 1705 et
841 1639 927 1705 hunc
950 1641 1047 1728 paulo
1070 1655 1144 1729 post
1166 1665 1222 1729 per
1244 1643 1325 1707 Ens-

80 1754 251 1827 trytterum
274 1741 317 1828 [oz
338 1740 609 1827 Anstrntberum]
631 1755 787 1825 prasente
809 1741 991 1807 Vinariensi
1008 1755 1111 1827 rogat,
1128 1756 1166 1807 ut
1179 1765 1325 1808 reversus

81 1842 138 1907 hnc
172 1844 204 1907 S.
238 1843 279 1907 R.
311 1841 423 1907 M2tcm
457 1841 621 1919 sollicitet,
651 1866 692 1907 ne
719 1865 802 1928 aegre
824 1843 909 1907 ferat
930 1857 987 1907 aut
1009 1844 1164 1919 turbetur,
1189 1844 1216 1908 si
1240 1844 1325 1909 hunc

80 1967 236 2009 rumorem
258 1945 300 2008 de
323 1943 432 2029 aliqua
452 1943 643 2009 dissidentia
664 1943 750 2008 inter
772 1944 803 2006 S.
827 1944 863 2008 R.
887 1944 999 2009 Mztem
1022 1968 1059 2009 ac
1080 1943 1188 2030 ipsum
1211 1958 1325 2009 exorta

81 2045 185 2131 spargi
208 2057 242 2109 et
263 2044 485 2109 increbescere
507 2043 655 2109 audierit.

161 2144 267 2210 *Mira
292 2145 380 2209 baec*
408 2158 493 2223 sunt,
517 2158 550 2209 et
573 2145 679 2209 'unde
701 2156 775 2209 nata
797 2159 853 2209 aut
876 2145 952 2231 quid
976 2146 1200 2230 portendant*‚
1224 2146 1326 2233 magis

83 2269 157 2311 areo
191 2268 397 2333 cognoscere,
430 2268 527 2331 quam
562 2245 695 2331 adsequi
729 2244 885 2311 hactenus
911 2268 1004 2331 ques.
1053 2245 1136 2332 Ego,
1159 2259 1196 2310 at
1218 2247 1326 2311 omnia

83 2362 164 2412 reete
187 2368 367 2434 cognoscas
390 2369 427 2410 ac
443 2345 613 2431 dijudices,
627 2348 750 2423 curavi,
765 2360 883 2410 cuncta
897 2346 973 2423 haec,
989 2368 1060 2432 quse
1075 2360 1148 2411 acta
1163 2347 1325 2433 scriptave

84 2462 153 2512 sunt
175 2448 267 2512 hisce
288 2446 414 2524 mabar,
438 2446 601 2512 transferri
622 2447 657 2511 in
679 2447 817 2512 latinum
840 2470 876 2511 ae
897 2447 1036 2512 describi
1056 2460 1227 2534 tecumque
1242 2471 1326 2512 com·

83 2548 235 2613 municari
247 2550 284 2631 ¹).
330 2547 362 2611 S.
383 2549 421 2613 R.
444 2548 541 2613 Mrtas
563 2548 671 2612 omnia
692 2559 785 2635 grata
807 2547 922 2613 habuit
943 2561 986 2623 et,
1006 2560 1041 2612 ut
1058 2548 1199 2635 ingenue
1212 2549 1327 2625 fatear,

83 2651 107 2713 si
132 2650 166 2715 id
193 2648 294 2713 animi
322 2649 404 2735 Regi
428 2647 537 2714 Daniae
561 2662 619 2726 est,
641 2648 772 2715 tandem
794 2648 918 2736 aperire
941 2649 1052 2713 oculos
1075 2663 1110 2713 et
1131 2671 1189 2712 sua
1210 2649 1326 2714 amico·

83 2774 213 2836 rumque
247 2749 393 2836 pericula
425 2772 555 2814 cernere
588 2764 621 2813 et
648 2763 791 2815 avertere
819 2748 938 2824 conari,
960 2750 1018 2813 vix
1040 2762 1125 2814 esset
1145 2749 1326 2835 quisquam,

84 2851 136 2937 qui
168 2852 223 2915 vel
257 2850 360 2937 magis
393 2848 497 2937 ceptis
522 2849 626 2936 ipsius
648 2850 868 2938 adplauderet,
891 2851 943 2915 vel
966 2850 1085 2914 maiore
1107 2850 1171 2915 fide
1194 2872 1230 2915 ac
1252 2873 1329 2915 con·

84 2953 200 3017 stantia
226 2950 433 3016 securitatem
460 2951 524 3037 ipsi
551 2973 592 3015 ex
614 2950 731 3015 ceteris
755 2951 899 3037 partibus
920 2952 1084 3037 praeberet.
1129 2950 1224 3015 Certe
1246 2974 1329 3016 nea

83 3053 213 3118 ferendo
236 3051 383 3117 subsidio
405 3052 436 3116 S.
458 3052 497 3116 R.
520 3051 616 3115 Mztas
638 3050 744 3115 aliena
765 3063 823 3127 est,
846 3050 873 3115 si
896 3052 991 3115 modo
1012 3051 1047 3117 id
1070 3052 1158 3115 salvo
1173 3063 1326 3116 suostatu

85 3155 191 3238 possit.
247 3153 317 3217 Nec
351 3152 414 3216 erit·
446 3151 587 3216 sollicita
619 3164 675 3215 aut
708 3151 957 3238 perturbabitur,
992 3152 1018 3215 si
1046 3152 1242 3217 simultatem
1265 3152 1327 3219 sibi

86 3276 154 3319 curn
179 3254 211 3318 S.
234 3254 315 3318 Mzte
336 3252 536 3318 intercedere
558 3252 778 3338 divulgaverit
798 3252 920 3330 Dauus,
945 3252 1040 3317 modo
1063 3252 1093 3317 id
1117 3253 1180 3338 ipsi
1203 3253 1237 3317 in
1260 3275 1327 3317 rem

87 3376 285 3419 communem
319 3354 392 3418 usui
426 3376 495 3419 esse
528 3353 645 3440 possit;
679 3352 766 3417 baud
799 3353 959 3440 equidem,
987 3353 1073 3439 quod
1096 3352 1127 3417 S.
1150 3353 1245 3419 Mttas
1268 3353 1329 3419 hoc

86 3454 252 3520 admodum
276 3455 401 3541 probet,
425 3467 458 3520 et
479 3454 564 3541 quod
588 3455 663 3518 talis
685 3477 793 3518 rumor
814 3477 878 3518 non
897 3455 939 3518 sit
955 3453 1017 3518 sibi
1033 3452 1066 3516 in
1082 3467 1220 3519 tractatu
1235 3455 1328 3519 Polo·

88 3556 155 3620 nico
183 3557 314 3631 noxius,
337 3568 434 3642 atque
457 3555 535 3619 alias
558 3556 630 3642 plus
653 3556 730 3620 satis
753 3566 930 3640 suspectus,
954 3554 1009 3619 sed
1032 3554 1117 3641 quod
1142 3577 1200 3641 pro
1221 3577 1327 3620 amore

87 3678 185 3721 cauare
217 3656 357 3743 publicae
387 3657 453 3721 haec
481 3679 539 3721 sua
563 3654 769 3721 incommoda
795 3678 831 3720 ac
855 3655 1001 3740 pericula
1022 3677 1086 3719 non
1109 3656 1213 3720 invita
1234 3656 1329 3721 ferat.

167 3757 263 3823 Unde
302 3780 379 3822 vero
416 3757 544 3822 'subita
578 3757 645 3821 baec
678 3757 815 3821 mutatio
847 3754 966 3820 animi*
1001 3768 1034 3820 et
1067 3756 1328 3833 'consiliorum·,

88 3872 179 3944 atquc
211 3858 298 3923 unde
332 3871 441 3922 tantus
474 3857 527 3922 hic
562 3858 689 3923 ‘fervor
720 3871 787 3920 tam
820 3856 928 3921 subito
958 3856 1172 3922 effervescens
1190 3857 1328 3941 juvandi

88 3981 208 4023 causam
231 3959 427 4045 publicam,
451 3959 597 4045 suspicor
618 3958 732 4044 magis,
756 3980 851 4043 quam
874 3955 1121 4043 comprehendo.
1163 3957 1196 4021 Si
1212 3969 1330 4022 cuncta

91 4060 148 4122 'ex
172 4059 357 4125 sinceritate
385 4059 503 4123 animi*
532 4058 787 4146 proficiscuntur,
814 4056 996 4123 fovebimus
1019 4059 1122 4144 ceptis
1144 4071 1177 4122 et
1197 4057 1329 4122 felicem

89 4161 207 4225 exitum
234 4161 522 4247 comprecabimur.
572 4159 627 4224 Sin
655 4159 773 4237 minus,
796 4182 912 4245 quaeso,
934 4174 972 4224 ut
993 4181 1051 4244 pro
1074 4159 1193 4223 affectu
1216 4172 1272 4222 tuo
1294 4158 1328 4221 in

88 4282 188 4325 rerum
221 4261 443 4326 communium
476 4260 710 4325 restitutionem
745 4282 781 4325 ac
815 4260 938 4348 Regem
971 4282 1077 4324 meum
1112 4258 1229 4322 'altius
1262 4259 1330 4324 hac

89 4359 243 4447 inquiras*
282 4375 318 4426 et
354 4362 556 4447 'penetres'.
611 4362 726 4425 Dicam
762 4362 846 4426 enirn
885 4361 962 4446 quid
997 4360 1149 4444 suspicor.
1206 4358 1329 4424 *Credo

167 4515 187 4575 ¹)
205 4517 403 4581 Formodllgen
420 4519 472 4567 har
488 4518 551 4567 mad
570 4517 652 4567 deasa
669 4514 735 4578 rtljt
752 4515 806 4566 den
825 4516 948 4564 latinska
966 4515 1169 4579 diversattnlng
1187 4517 1217 4565 al
1231 4516 1331 4565 Gestat

92 4600 179 4651 adolla
202 4602 267 4653 bret
283 4601 329 4652 alt
349 4601 490 4652 Christian
508 4600 546 4649 1v
565 4601 595 4649 at
612 4601 638 4649 d.
659 4606 670 4646 1
692 4600 771 4649 Febr.
792 4602 866 4655 ltro,
885 4613 942 4649 som
961 4599 1069 4661 tryclrts
1087 4599 1138 4649 hos
1157 4599 1275 4660 Moser,
1293 4598 1333 4662 itr

92 4685 167 4735 uttan
184 4686 234 4736 sid.
257 4691 287 4734 la
307 4690 358 4735 not
376 4682 404 4743 ¹).
