3248 5328
349 372 412 435 414

392 539 592 623 Responsum
627 552 664 602 nt
690 561 708 601 a
737 539 893 603 Dzonibna
916 540 1032 603 restris
1053 539 1215 626 impetret,
1234 540 1317 624 jussi
1341 540 1540 605 Residentem

308 638 338 702 S.
362 638 399 702 R.
422 639 520 713 Mais,
543 662 579 702 ac
603 638 742 704 confisus
764 639 797 703 id
820 640 888 704 fore
910 641 1105 705 conveniens
1127 640 1276 705 exercitae
1298 640 1457 705 hactenns
1473 642 1541 705 ami·

307 738 401 816 cit-iae,
436 740 541 803 Deum
576 762 696 826 precor.
730 753 767 804 nt
799 740 918 804 Dzoncs
945 754 1067 805 vestras
1095 755 1263 806 conservet
1284 754 1317 806 et
1339 741 1540 806 salutariam

307 841 396 926 pacis
428 840 562 904 consilia
595 854 756 928 suggerat.
807 840 972 904 Dabantnr
994 840 1141 928 Elbingae
1163 842 1216 906 die
1239 842 1280 907 30
1302 842 1461 907 Novomb.
1485 846 1540 905 An.

309 941 399 1004 1626.

390 1048 503 1096 Axellns
521 1046 713 1106 Oxenatlcrna‚
731 1050 780 1095 ato.

933 1125 1073 1189 D20num
1097 1148 1234 1189 vzrarurn
1259 1126 1504 1190 bonusamicus

1040 1226 1181 1290 Axelius

1039 1326 1254 1390 Oxenstierna
1276 1350 1341 1412 mp.

394 1447 566 1511 Utoaalrlst:
586 1447 763 1509 Magnifica,
782 1448 936 1507 Generosls,
954 1448 1111 1508 Nobilibus,
1130 1448 1334 1512 Spectablllbns
1353 1453 1382 1498 et
1400 1448 1541 1499 Honoratis

306 1531 477 1582 Consillarlis
498 1531 664 1594 [legentibus
683 1531 888 1595 Ordlnlbnsqus
908 1533 1021 1581 Ducalla
1039 1533 1197 1582 Romania.»

389 1633 467 1682 Elter
489 1632 676 1695 agenbandlgt
697 1632 817 1695 konccpt
834 1633 843 1681 l
863 1631 1079 1682 Oxenstiernsla
1097 1633 1259 1697 samllngen,
1277 1633 1414 1696 jamlordt
1430 1634 1491 1683 med
1508 1647 1540 1683 en

304 1717 388 1780 kopla
407 1717 436 1765 al
453 1718 602 1779 orlglnalet
619 1717 629 1764 1
648 1717 770 1766 (lehelm.
790 1715 882 1765 Staats
901 1716 1011 1776 Archiv,
1030 1717 1130 1767 Berlin.

303 2073 380 2128 aaa.
423 2072 493 2127 rur
514 2072 776 2139 oorgmastarne
797 2072 810 2126 ι
832 2073 993 2128 oseem
1014 2071 1240 2140 norimberg.
1596 2054 1597 2095 r

1105 2173 1234 2241 ararng
1255 2173 1290 2229 a.
1313 2175 1329 2228 r
1350 2173 1432 2231 neo.
1455 2175 1538 2230 raas.

305 2355 400 2403 Manar
417 2354 478 2403 dem
498 2357 540 2402 att
558 2353 583 2415 ej
604 2354 632 2402 at
650 2353 704 2402 den
723 2353 821 2416 poleka
840 2353 992 2416 gesandten
1010 2354 1069 2403 lata
1086 2353 1128 2416 sig
1146 2353 1240 2404 lockas
1257 2354 1319 2403 tran
1339 2355 1539 2411 neutralitatem,

387 2452 445 2487 som
472 2439 517 2487 lor
542 2437 605 2487 hela
632 2438 780 2487 Preussena
802 2437 934 2500 trygghet
955 2438 1007 2488 och
1029 2437 1132 2488 handel
1153 2452 1217 2487 voro
1237 2439 1265 2486 al
1282 2442 1387 2489 storata
1405 2439 1477 2497 vlkt;
1494 2439 1538 2488 bar

388 2521 450 2570 dem
469 2525 601 2570 motsatta
620 2522 662 2584 sig
680 2522 813 2571 fdrbndet
830 2525 888 2570 mot
906 2522 1038 2572 tintorrsl
1057 2522 1100 2571 till
1118 2522 1294 2582 svonskarne,
1306 2523 1358 2572 och
1371 2523 1539 2579 Intrandum,

389 2606 396 2653 l
415 2605 547 2654 handelss
567 2605 596 2653 al
614 2605 723 2667 obahag
741 2605 846 2665 haridr,
864 2606 917 2654 den
936 2605 1055 2655 svsnska
1072 2606 1173 2656 harena
1190 2607 1288 2669 akydd.

630 2735 763 2799 Nobiles
786 2748 882 2821 atque
906 2734 1105 2820 Spectabiles
1128 2736 1214 2811 Dzni,

765 2836 862 2899 amici
885 2834 1084 2899 observandi,
1596 2896 1597 2925 p

388 2952 436 3015 De
472 2951 632 3015 constanti
669 2965 775 3015 vestro
813 2954 977 3039 proposito
1015 2954 1176 3018 servandae
1213 2952 1363 3017 amicitiae
1397 2955 1536 3039 jurisque
1596 2928 1597 2983 i

302 3052 519 3116 neutralitatis
556 3066 665 3116 estate
706 3054 865 3138 praeterita
901 3054 988 3138 pacti
1027 3055 1174 3119 dubitare
1208 3053 1291 3118 velle
1325 3054 1417 3118 nefas
1448 3055 1534 3124 duco,
1596 3058 1597 3101 l

302 3153 439 3217 confisus
472 3166 506 3216 et
538 3153 674 3216 candore
707 3154 851 3239 ingenuo
884 3167 917 3218 et
949 3177 1073 3219 summa
1102 3153 1274 3240 prudentia
1296 3168 1401 3217 vestm
1421 3153 1536 3217 nulline
1596 3148 1597 3179 ³

302 3253 436 3318 consilio
469 3266 525 3316 unt
553 3252 746 3318 authoritate
773 3255 806 3317 in
831 3268 1046 3318 transversum
1068 3255 1230 3339 rapienda.
1275 3254 1411 3318 Minime
1433 3267 1533 3317 tamen
1596 3280 1597 3297 ι

302 3355 354 3419 vel
387 3353 698 3441 D[ominati]onibns
731 3356 846 3418 restris
875 3356 1047 3441 ingratum,
1071 3355 1123 3419 vel
1146 3356 1293 3441 praesenti
1316 3378 1421 3419 rerum
1443 3352 1533 3418 statui

301 3479 337 3518 ac
361 3455 645 3518 deliberationibus
669 3455 783 3518 vestris
806 3454 1035 3520 inconveniens
1053 3455 1179 3539 judico,
1202 3456 1229 3519 si
1252 3478 1309 3541 pro
1332 3480 1370 3519 ea
1391 3456 1533 3527 amicitia,

300 3578 370 3641 quae
393 3555 566 3618 secundnm
591 3567 683 3641 pacta
704 3556 920 3620 neutralitatis
943 3556 1004 3620 hoc
1020 3579 1103 3619 anno
1117 3557 1202 3621 inter
1217 3579 1275 3620 nos
1290 3556 1406 3643 viguit,
1424 3557 1535 3620 Dtonas

301 3669 422 3721 vestras
456 3678 575 3731 eornm,
609 3679 680 3742 quae
713 3679 770 3720 nos
804 3657 955 3742 utrinque
985 3670 1189 3729 concernunt,
1218 3657 1320 3720 amice
1343 3657 1532 3720 admoneam.

299 3757 410 3822 Audio
438 3757 523 3820 enirn
551 3756 641 3820 vobis
664 3757 697 3821 in
721 3756 876 3821 Ordinem
899 3772 1061 3821 conventu
1086 3756 1195 3821 adesse
1217 3757 1360 3842 legatum
1384 3756 1533 3845 Reginae

300 3857 498 3944 Reipublicae
520 3858 660 3934 Polonae,
683 3881 777 3944 quem
798 3859 895 3923 facilc
919 3858 1120 3944 praesentiam
1138 3858 1304 3921 turbatum
1325 3859 1450 3923 venisse
1464 3879 1533 3921 con-

299 3959 373 4023 silia
406 3973 519 4033 vestra,
554 3971 586 4021 et
620 3958 658 4021 ab
685 3959 786 4043 pactis
809 3959 1025 4022 neutralitatis
1050 3959 1216 4022 nobiscum
1239 3959 1327 4022 initae
1350 3960 1532 4034 abductum

299 4082 358 4123 neo
382 4061 551 4125 defuturos
574 4071 662 4143 puto,
683 4058 737 4144 qui
753 4059 839 4123 inter
854 4073 902 4122 tot
917 4058 1078 4122 diversum
1094 4060 1271 4124 sentientes
1287 4060 1406 4124 Dzones
1420 4073 1532 4122 vestras

299 4161 364 4224 sint
391 4158 586 4224 stimulaturi
613 4182 674 4222 non
699 4174 763 4222 tum
788 4161 826 4222 ad
851 4183 897 4229 en.
920 4182 989 4245 quae
1013 4160 1169 4224 universis
1192 4183 1228 4223 ac
1250 4160 1397 4246 inprimis
1419 4159 1531 4224 Civita-

299 4260 386 4324 tibus
419 4261 533 4324 restris
567 4260 631 4323 sint
663 4259 764 4335 utilia,
799 4283 893 4346 qnam
928 4284 997 4346 qnae
1031 4261 1164 4348 privatis
1193 4261 1350 4348 cuiusque
1374 4259 1532 4327 destinatis

298 4360 520 4446 respondeant.

382 4460 454 4545 Ego
488 4474 596 4524 autern
618 4461 747 4525 nomine
774 4461 803 4524 S.
827 4461 864 4524 R.
889 4461 977 4526 Mttis
1000 4462 1066 4526 dmi
1090 4464 1151 4526 mei
1175 4463 1419 4528 clementissimi
1443 4461 1532 4548 plane

299 4561 424 4625 confido
458 4574 632 4648 perspectae
666 4561 845 4626 sinceritati
878 4575 1000 4638 vestrae,
1029 4564 1085 4646 jus
1113 4563 1327 4628 neutralitatis
1354 4577 1480 4651 pactum
1502 4574 1532 4623 et
