3294 5358
1237 452 1298 516 755

91 641 192 698 eram,
226 632 299 706 post
332 619 446 684 seriam
474 617 737 683 deliberationem
763 630 796 681 et
823 618 1096 682 considerationes
1118 619 1270 705 quasdam
1293 644 1340 685 re·

91 721 265 797 cusaverit,
303 742 340 784 ac
373 732 543 806 propterea
575 719 668 782 dmus
700 718 849 783 Zawaclri
882 741 916 783 se
950 719 1235 785 Mariaewerderum
1268 743 1340 785 con·

91 821 179 887 serre
213 820 302 898 velit,
329 832 367 885 ut
387 819 433 884 ibi
456 834 596 885 mentem
618 842 721 883 meum
745 819 909 906 intelligat
931 833 963 884 et
987 821 1025 884 ad
1047 820 1137 885 illam
1160 845 1193 885 se
1217 844 1340 885 eccam·

93 922 217 999 modet‚
242 943 283 985 ne
306 921 372 985 ulla
395 920 576 985 maturandi
597 919 786 1007 principalis
810 933 988 984 conventus
1011 935 1174 985 momenta
1195 923 1341 1011 neglige·

93 1035 216 1099 rentur,
250 1044 356 1087 meum
390 1021 499 1086 statim
533 1020 705 1098 mitterem,
737 1020 793 1107 qui
826 1021 856 1085 ei
883 1021 990 1085 medio
1016 1020 1100 1087 inter
1122 1023 1284 1088 Stumium
1308 1037 1342 1089 et

94 1122 337 1210 Risenburgum
364 1122 437 1186 loco
461 1129 550 1205 (nam
572 1121 601 1185 is
623 1122 703 1185 mihi
726 1123 855 1186 videtur
876 1123 1169 1207 commodissimus)
1191 1124 1230 1188 ad
1254 1124 1340 1188 diem

93 1224 242 1289 sabbathi
269 1224 450 1309 proximam
477 1222 605 1287 obviam
632 1223 774 1302 veniret3
799 1246 911 1288 verum
934 1247 1007 1287 cum
1032 1224 1118 1289 hisce
1141 1224 1255 1289 diebus
1279 1225 1342 1289 De·

94 1337 229 1410 putatus
263 1324 369 1388 serzmi
401 1324 563 1388 Electoris
597 1323 851 1411 Brendeburgici
884 1323 1050 1388 Gedauum
1084 1325 1257 1403 transierit,
1285 1325 1341 1412 qui

96 1426 182 1511 apud
216 1425 336 1489 Dzoues
368 1447 450 1489 vzras
482 1424 621 1501 insistat,
648 1438 684 1489 ut
709 1447 742 1488 se
765 1425 1002 1512 Riaenburgum
1024 1427 1062 1490 ad
1086 1426 1233 1490 futurum
1255 1424 1341 1491 diem

98 1529 128 1611 Ἰ
162 1524 312 1590 Januerii
343 1526 488 1591 conferre
514 1526 623 1612 ibique
650 1539 849 1590 tractatuum
872 1527 1105 1612 praeparatoriis
1127 1528 1211 1590 inter
1234 1549 1342 1591 meum

96 1640 131 1691 et
162 1625 320 1713 Episcopi
354 1625 535 1691 Culmeusis
568 1626 793 1713 subdelegatos
826 1626 1017 1713 peragendis
1049 1627 1204 1692 interesse
1240 1626 1345 1691 velint

96 1748 199 1812 eaque
223 1750 421 1812 promovere,
444 1727 576 1792 minime
598 1727 812 1792 necessarium
835 1728 997 1813 putabam.
1020 1741 1058 1792 ut
1080 1727 1120 1791 ad
1135 1750 1341 1815 congressum

96 1826 202 1892 ullum
236 1840 330 1893 antea
361 1829 618 1894 descenderetur.
674 1829 772 1893 Dicto
801 1842 906 1894 autem
930 1842 1086 1915 ternpore,
1109 1829 1170 1893 uisi
1194 1852 1343 1915 proroga·

95 1941 168 1991 tum
201 1928 285 1993 forte
316 1930 426 2004 fuerit,
458 1951 566 1994 meum
597 1929 757 1994 Stumium
779 1930 917 2007 mittam,
940 1944 978 1992 ut
1000 1944 1249 1993 commemorato
1271 1928 1343 1993 loeo

96 2051 172 2092 cum
205 2028 280 2092 d:no
311 2029 478 2094 Zawadslri
511 2031 551 2094 de
578 2030 660 2107 loco,
687 2044 841 2116 tempore,
865 2031 1031 2109 comitatu,
1053 2031 1203 2094 cautione
1225 2029 1343 2095 securi·

97 2128 176 2193 tatis
212 2142 246 2195 et
281 2131 396 2196 ceteris
431 2132 470 2196 ed
503 2132 649 2195 futurum
684 2144 855 2195 tractatum
888 2131 1125 2218 pertinentibus
1157 2132 1343 2195 constituat.

97 2230 198 2306 Huic,
231 2231 502 2317 quamadmodum
529 2246 566 2296 ut
592 2233 667 2297 d:no
689 2230 856 2296 Zawedski
879 2245 969 2296 tutus
992 2246 1025 2295 et
1047 2231 1087 2296 ab
1110 2233 1197 2295 omui
1219 2231 1343 2295 insultu

97 2329 212 2395 hostili
243 2331 277 2396 in
304 2332 412 2397 locum
438 2333 536 2398 istum
558 2334 624 2397 itus
646 2332 831 2419 reditusque
853 2356 985 2397 securus
1007 2347 1126 2418 pateat,
1150 2331 1343 2396 officialibus

99 2454 136 2495 ac
169 2430 329 2497 militibus
362 2431 462 2497 Socra
495 2434 606 2521 Regiae
635 2434 724 2498 M:tis
750 2434 816 2498 dmi
840 2435 904 2498 mei
926 2431 1168 2498 clementissimi
1191 2433 1275 2497 serio
1296 2433 1344 2495 in·

94 2533 234 2617 jungam
267 2556 314 2611 ae,
341 2545 377 2597 ut
403 2534 572 2599 bonafide
595 2548 769 2621 praestetur,
792 2535 919 2609 curabo,
942 2534 989 2597 ita
1012 2549 1049 2597 ut
1071 2534 1111 2598 de
1135 2535 1203 2619 pari
1226 2531 1346 2597 securi-

98 2646 167 2697 tate
201 2634 426 2720 prospiciatur,
461 2658 498 2698 ac
531 2636 717 2722 cumprimis
750 2650 788 2700 ut
814 2634 1001 2722 praesidiarii
1025 2635 1194 2699 Meveuses
1217 2635 1255 2698 ab
1279 2656 1344 2697 om·

99 2733 196 2798 nibus
217 2757 255 2798 eo
277 2747 421 2822 tempore
442 2737 477 2799 in
493 2736 690 2802 territorium
706 2737 876 2801 Stumeusc
896 2737 1140 2801 excursionibus
1155 2733 1345 2821 prohibean-

100 2850 164 2913 tur,
187 2836 307 2901 Dzones
330 2859 411 2900 v:raa
434 2859 514 2925 rogo
536 2838 598 2901 sibi
619 2860 703 2901 curae
725 2859 794 2901 esse
817 2836 929 2900 velint.

184 2935 224 3000 In
246 2937 439 3002 dimittenda
459 2938 581 3001 tribuni
604 2936 770 3002 Donhoffii
792 2961 894 3002 uxore
916 2950 953 3002 ut
975 2935 1132 3001 Dzonibus
1154 2937 1230 2999 uris
1247 2937 1345 3023 grati·

100 3036 225 3112 ficarer,
258 3060 395 3123 eumque
421 3039 500 3124 ipsis
526 3039 636 3126 gratiae
658 3038 764 3103 locum
787 3038 972 3115 tribuerem,
995 3061 1060 3101 non
1083 3037 1243 3114 dubitent,
1266 3036 1344 3123 quin

99 3137 282 3202 facilimunr
315 3161 366 3204 me
400 3139 619 3226 praebuissem,
646 3139 708 3204 nisi
733 3141 876 3203 exercita
897 3162 916 3202 a
937 3162 988 3202 me
1011 3140 1043 3201 in
1068 3138 1253 3202 eliberanda
1274 3137 1345 3222 ipsa

99 3237 285 3303 humanitas
307 3239 569 3305 intercessionem
592 3241 734 3304 Dzonum
756 3262 895 3304 unarum
918 3240 1114 3304 anteivisset.
1159 3243 1269 3325 Atque
1287 3237 1345 3301 illa

100 3338 245 3426 quidem,
265 3339 422 3405 inviolata
442 3341 537 3405 rebus
559 3341 717 3418 omnibus,
739 3340 807 3403 suis
828 3341 953 3404 reddita
974 3354 1032 3417 est,
1056 3361 1129 3403 cum
1148 3361 1211 3402 non
1227 3339 1344 3413 desint,

100 3440 158 3526 qui
192 3441 417 3505 defunctorum
451 3443 659 3507 cadaveribus
681 3444 772 3527 justa
798 3464 855 3505 sua
877 3464 912 3505 ac
936 3440 1165 3505 convenientes
1189 3439 1344 3504 anteactis

99 3540 279 3606 virtutibus
302 3543 456 3628 exequias
479 3566 592 3629 parum
615 3543 798 3606 humaniter
820 3543 991 3628 denegent.
1031 3540 1081 3605 De
1096 3555 1209 3605 caetero
1226 3541 1345 3604 Dones

99 3665 184 3707 vzras
219 3643 289 3707 Deo
323 3642 475 3730 opt[imo]
507 3644 649 3707 maximo
682 3642 955 3707 commendamus.
1004 3641 1173 3705 Dabantur
1198 3640 1345 3726 Elbingae

100 3744 154 3809 die
177 3745 220 3808 28
241 3743 431 3808 Decembris
453 3750 551 3808 Anno
574 3747 666 3810 1627.

876 3844 1015 3909 Axelius
1038 3842 1261 3907 Oxenstierna.

187 4021 279 4085 Kopla
304 4021 315 4069 i
341 4020 410 4070 Axel
437 4020 634 4071 Oxenstiernas
661 4019 801 4083 protokoll
828 4019 874 4068 vld
897 4016 1157 4079 undarhsndlingen
1180 4016 1347 4063 loti-lore

102 4113 245 4162 mousom
264 4105 433 4155 ranskriiten
452 4105 541 4165 derat,
559 4104 696 4165 Polonlca,
715 4103 896 4153 lesarkivet.

624 4372 825 4382 --—--
