3212 5352
1211 458 1271 524 191

81 629 110 687 st
138 623 301 710 lydundes‚
335 638 384 690 stt
411 625 456 710 vij
481 630 517 689 st
538 624 604 689 vell
625 623 676 690 for
697 625 738 689 de
761 624 868 711 privet
890 647 1056 712 personers
1077 625 1172 691 infell
1193 631 1313 692 sessum

24 718 25 773 3
82 723 271 812 Kooungens
293 723 355 790 och
376 725 515 813 Reipub.
538 724 629 791 folok
652 726 764 792 etekre
787 724 849 791 och
870 725 924 811 frij
949 740 1113 813 presteres
1136 727 1265 814 mighe.

668 895 717 957 14.

152 1011 216 1076 Der
250 1010 312 1075 och
345 1011 561 1077 stillcsttndet
593 1010 725 1077 bliffver
757 1011 875 1089 elutitt,
909 1010 951 1076 dn
977 1010 1092 1098 mtghc
1114 1011 1171 1096 miJ
1175 1034 1216 1077 ne
1238 1012 1311 1076 eub-

23 1094 208 1229 delegati
240 1111 424 1189 fomimme,
457 1109 565 1176 hvcdh
591 1110 682 1196 tijdh
708 1111 769 1176 och
796 1110 888 1177 sttlle
910 1112 951 1177 de
974 1110 1068 1176 echte
1091 1124 1139 1177 ett
1157 1034 1311 1199 begynnu

23 1180 233 1287 tructeteu
261 1210 324 1277 och
346 1218 382 1276 st
402 1212 536 1299 frempt
543 1211 583 1276 de
605 1211 678 1276 vele
699 1212 819 1299 eligere
841 1224 909 1277 eett
931 1212 1017 1299 plutz
1039 1211 1169 1277 emillen
1192 1213 1243 1277 Ri
1229 1212 1311 1300 Jghe

23 1340 25 1345 ·
75 1311 126 1377 och
158 1311 307 1391 Mithovv,
341 1313 500 1379 serdeeles
529 1311 588 1377 uth
615 1312 712 1377 medh
735 1311 911 1378 Buldherin
934 1311 976 1400 [o.
999 1312 1182 1400 Boldernu],
1206 1312 1310 1379 heller

22 1564 24 1623 i

71 1412 140 1501 jsgh
161 1414 225 1479 den
248 1412 518 1501 beqvemligosth,
541 1412 624 1477 doch
648 1426 697 1477 ott
719 1412 807 1479 detto
831 1462 998 1479 ......

82 1564 85 1573 “
147 1569 306 1633 Brtstteutg
328 1569 379 1618 och
402 1568 544 1619 outslutsd
560 1568 646 1632 kopte
664 1570 674 1618 l
693 1568 735 1618 ev.
754 1569 951 1632 registrstnret
972 1573 1044 1630 1625,
1062 1570 1110 1620 fol.
1129 1573 1177 1618 497
1196 1569 1224 1619 ff.
1262 1573 1310 1619 Att

22 1634 23 1655 ¹
73 1648 193 1703 inuelem
211 1657 329 1717 uppsutt
346 1652 526 1715 hsndlingen,
544 1651 666 1716 frumger
683 1653 713 1702 ut
731 1653 793 1702 dces
811 1653 944 1704 lanchen.

21 2088 22 2155 j
74 2109 120 2165 tt
152 2109 222 2165 ‘1‘111
245 2108 290 2165 de
312 2108 437 2178 polske
458 2106 771 2166 kommisserierne.

599 2210 724 2279 ngret
746 2209 804 2266 vsu
824 2209 963 2267 esum
985 2210 1019 2272 u
1040 2211 1075 2267 ιτ
1097 2210 1190 2280 sept.
1213 2213 1307 2269 1025.

74 2421 202 2488 Klsgcmtl
220 2423 301 2474 biver
318 2428 361 2473 stt
380 2423 414 2473 de
433 2425 550 2474 svenske
568 2424 800 2489 subdeleguterne
818 2428 875 2474 mot
893 2426 932 2474 cll
950 2425 1070 2475 torkrutt
1086 2424 1249 2490 sktndltgen
1267 2428 1307 2477 et·

143 2508 283 2557 tertullits
305 2508 357 2557 och
374 2508 446 2557 fbrts
464 2507 473 2556 1
491 2507 672 2572 tingenskep.
707 2508 750 2557 Dc
768 2508 898 2558 konslern
917 2506 942 2571 ei
962 2510 1030 2559 ville
1047 2508 1154 2559 riskere
1171 2513 1245 2561 tenu
1264 2516 1306 2562 ett

143 2591 258 2643 svenskt
281 2591 393 2651 ombud,
415 2591 516 2641 studes
534 2592 596 2640 med
615 2606 650 2641 en
667 2591 805 2655 lbsgitven
823 2591 905 2657 tinge
924 2592 1004 2643 detta
1022 2594 1085 2644 bret
1102 2595 1166 2645 med
1184 2596 1305 2661 begtran

142 2691 184 2726 om
203 2675 451 2738 subdeleguternes
468 2675 639 2738 trigitvuude
658 2676 711 2726 och
729 2676 764 2726 de
782 2676 921 2740 skyldiges
939 2677 1128 2742 bestrsffnlng.

280 2821 427 2887 Illustres
450 2845 487 2887 ac
509 2822 677 2910 Magnifioi
698 2823 832 2887 Domini
854 2822 1083 2889 Commisserii.

143 2939 218 3005 blisi
251 2939 382 3004 octiduo
415 2938 533 3004 abhinc
567 2939 794 3028 subdelegatos
827 2963 915 3006 meos
948 2941 988 3006 sd
1015 2941 1162 3007 illustres
1185 2942 1303 3007 Dzoncs

73 3054 188 3118 vestros,
211 3039 364 3127 exemplo
387 3054 493 3106 vestro
514 3039 675 3115 inductus,
699 3053 731 3106 et
747 3052 784 3105 ut
798 3053 930 3128 ceptum
946 3042 1035 3128 pacis
1050 3042 1303 3130 redintegrendae

72 3142 240 3228 negocium,
264 3139 351 3226 quod
374 3163 431 3205 voc
454 3140 551 3205 ordiri
574 3141 658 3207 velle
681 3141 889 3220 testabimini,
914 3165 1073 3230 urgerem.
1110 3141 1188 3207 Illos
1206 3144 1302 3208 sudio

71 3238 98 3304 in
124 3242 228 3308 reditu
262 3264 321 3306 suo
353 3264 372 3306 e
404 3241 598 3307 vestratibus
631 3255 742 3307 contre
767 3243 823 3326 jus
848 3243 996 3329 gentium
1017 3255 1114 3329 utque
1137 3266 1231 3309 omne
1253 3244 1302 3308 fes

71 3341 176 3409 nessrie
209 3342 349 3419 invasos,
382 3342 544 3428 spoliatos,
572 3342 606 3407 in
633 3343 824 3408 servitutem
851 3342 1016 3409 abductos.
1062 3343 1130 3408 Vix
1151 3357 1201 3410 est
1222 3367 1302 3431 gens

72 3440 126 3505 ulle
154 3455 221 3507 tum
251 3442 396 3519 berbena,
423 3465 494 3529 quae
516 3443 697 3529 legatorum
719 3443 907 3530 corporibus
930 3467 967 3509 ue
989 3443 1082 3509 rebus
1104 3467 1168 3510 non
1190 3466 1302 3532 peper-

72 3542 146 3607 cerit.
188 3543 367 3609 Tubicinec
389 3556 477 3609 certe
499 3544 645 3609 omnium
666 3545 812 3630 gentium
835 3566 934 3623 more,
957 3544 1061 3609 veluti
1083 3544 1195 3609 nuncii
1216 3569 1302 3610 eom·

71 3662 177 3723 munes,
210 3643 319 3709 ubivis
350 3655 517 3721 terrerum,
550 3645 635 3710 inter
669 3645 806 3732 populos
838 3646 937 3710 etium
969 3667 1095 3711 summo
1127 3644 1301 3734 flagrantes

72 3741 140 3822 odio,
161 3746 226 3811 tuti
249 3767 377 3832 semper
398 3746 566 3832 securique
580 3746 682 3811 fuere.
717 3746 842 3812 Horum
858 3745 961 3833 igitur
977 3747 1148 3811 securitate
1164 3746 1300 3824 sublato,

72 3863 100 3907 sc
127 3845 219 3911 simul
253 3845 343 3909 omni
374 3846 666 3911 communicatione
698 3845 783 3912 inter
812 3869 871 3911 nos
897 3860 1119 3921 evanescente,
1141 3847 1219 3933 quid
1241 3847 1300 3912 im·

71 3958 229 4027 posterum,
258 3946 321 4011 nisi
347 3969 435 4012 mere
456 3946 628 4025 barbaries,
650 3946 816 4012 futurum?
859 3947 1033 4034 Nunquam
1056 3947 1149 4012 nobis
1172 3970 1300 4033 persue-

70 4042 132 4111 dere
162 4046 338 4134 potuimus,
367 4049 424 4133 J'us
457 4049 605 4133 gentium
638 4048 672 4112 in
705 4047 823 4113 nostris
856 4048 1076 4136 subdelegetis
1109 4070 1145 4111 ec
1172 4048 1299 4112 nunciis

70 4144 210 4213 violatum
243 4147 295 4226 iri,
329 4170 431 4234 eoque
463 4149 560 4227 fecto,
594 4147 677 4212 nihil
711 4170 853 4235 unquam
882 4147 1020 4213 fecimus
1042 4149 1179 4224 cautius,
1202 4170 1298 4234 quem

70 4248 140 4330 quod
161 4272 249 4315 orme
269 4261 379 4314 nostru
400 4249 439 4315 sd
461 4261 611 4337 rogatum
633 4261 777 4314 vestrum
792 4248 854 4314 hoc
869 4272 952 4313 enno
968 4272 1032 4313 non
1047 4248 1298 4334 deposuerimus.

139 4349 209 4437 Ego
243 4372 330 4414 nunc
364 4349 495 4436 quidem
528 4349 704 4414 tubicinem
734 4349 774 4414 ed
799 4349 1003 4415 Illustritutes
1025 4362 1146 4414 ventres
1169 4349 1298 4415 mittere

71 4444 209 4529 abstineo,
231 4473 273 4515 ne
296 4450 414 4515 iterate
434 4450 528 4516 nobis
550 4449 708 4516 inferetur
729 4450 862 4535 injurie;
888 4449 977 4515 volui
999 4463 1109 4514 tumen
1130 4450 1296 4536 captivum

70 4543 141 4613 hunc
172 4563 346 4616 vestratem
378 4550 515 4616 liberum
548 4550 712 4617 dimittere
746 4574 820 4616 eum
853 4550 942 4615 hisce
969 4550 1048 4615 meis
1074 4550 1188 4629 literis,
1212 4565 1249 4616 ut
1270 4552 1297 4615 si

70 4646 178 4731 injussu
200 4666 307 4717 vestro
331 4650 535 4739 subdelegsti
558 4652 622 4717 mei
645 4651 776 4718 abducti
799 4652 874 4730 sint,
897 4651 1091 4716 reducentur
1114 4651 1153 4716 ed
1176 4674 1243 4729 nos,
1264 4666 1297 4717 et
