3212 5352
345 463 406 529 190

302 654 370 696 som
402 629 474 697 icke
507 628 645 719 dragher
676 629 901 695 substantialia
930 653 982 695 om
1009 628 1093 716 sigb,
1116 629 1203 696 lune
1225 630 1265 695 de
1287 637 1330 716 pa
1350 629 1555 695 ratification

301 732 368 797 lita
400 731 485 796 dedh
516 731 692 808 ferandus,
726 752 801 795 men
833 730 926 795 fonte
952 730 1022 817 syre
1047 743 1184 818 punctar
1204 736 1306 795 miste
1328 731 1363 795 in
1386 730 1456 796 suis
1481 731 1556 795 sub·

301 832 505 898 stantialibus
529 831 681 897 aildeelcs
703 830 819 895 bliffva
839 831 1033 897 beholdbne.

386 1117 476 1181 Hvar
508 1117 547 1182 de
580 1140 625 1181 nu
655 1115 782 1180 komme
805 1117 816 1181 i
839 1116 930 1181 desse
954 1117 1301 1203 puncterdii'vereeus,
1324 1116 1489 1204 damage
1513 1117 1552 1182 de

300 1218 400 1305 tagha
432 1231 606 1304 concept-et
639 1217 735 1282 medh
768 1215 851 1305 sigh,
884 1216 1066 1304 giffvandcs
1099 1217 1173 1282 dem
1199 1218 1484 1305 fdrtrdstninghen
1513 1224 1554 1305 ps

300 1318 388 1406 godh
410 1318 586 1383 resolution
609 1316 761 1382 hdrifron.
807 1317 1012 1405 Bsgiirandes
1035 1317 1083 1382 aff
1100 1316 1184 1395 dem,
1206 1332 1254 1382 att
1273 1319 1312 1383 de
1331 1318 1414 1403 sijne
1432 1318 1553 1383 under·

300 1419 434 1483 skriffve
457 1419 539 1495 veie,
564 1418 625 1483 och
648 1433 744 1484 auten
767 1418 866 1504 mijne
889 1418 1107 1505 subdelegatis
1129 1419 1213 1483 dedb
1236 1418 1359 1483 fdrtroo
1382 1418 1466 1483 aller
1490 1418 1551 1484 och

301 1520 400 1584 sends
432 1519 472 1583 de
508 1541 627 1583 eamme
661 1517 749 1605 biju,
783 1543 852 1583 som
885 1518 992 1584 derom
1023 1518 1170 1598 afficitis,
1198 1518 1289 1585 dores
1312 1519 1552 1586 leffvercredhe

301 1618 362 1684 och
386 1619 477 1685 diher
498 1626 570 1684 vdrt
591 1619 833 1686 annammadhe.

899 1789 939 1852 13

385 1905 446 1969 Om
476 1904 574 1970 sakeu
597 1904 721 1991 lyde(?)
742 1907 825 1983 dem,
848 1912 941 1992 mtge
964 1906 1004 1971 de
1027 1904 1275 1970 diveruntvarda
1295 1904 1370 1969 dem
1395 1906 1550 1971 Pilniske

300 2006 534 2070 commissarier
567 2006 627 2069 och
661 2007 710 2071 aff
738 2008 811 2072 dem
838 2007 945 2071 sordre
971 2030 1030 2071 een
1052 2005 1151 2092 ighen
1173 2005 1225 2069 fdr
1246 2005 1337 2093 migh
1360 2007 1423 2071 och
1446 2008 1548 2093 mijne

300 2106 451 2195 collegas,
479 2113 513 2170 si
539 2106 661 2195 irampt
682 2120 731 2171 att
753 2106 877 2171 mdthet
899 2105 984 2171 vedh
1007 2105 1160 2195 Salsburg
1181 2112 1258 2194 giis
1280 2106 1330 2170 ier
1351 2105 1439 2195 sigh‚
1462 2106 1547 2171 doch

384 2337 434 2382 ito.
470 2331 537 2381 Cum
564 2345 629 2380 vero
656 2331 698 2380 hae
720 2330 839 2380 inducite
862 2330 942 2380 unice
964 2332 1022 2379 sint
1038 2334 1168 2393 receptas,
1186 2334 1217 2379 ut
1235 2331 1359 2392 spacium
1378 2335 1455 2380 esset
1471 2330 1547 2395 justo

298 2419 422 2466 tractatu
441 2419 541 2478 pacate
559 2419 588 2463 et
605 2416 665 2464 sine
685 2429 820 2465 armorum
838 2415 956 2478 strepitu
976 2415 1010 2464 de
1028 2414 1125 2463 stabili
1142 2428 1210 2477 pace
1229 2413 1329 2477 agendi
1347 2418 1377 2463 et
1394 2416 1547 2475 statuendi,

299 2500 404 2551 idcirco
423 2500 616 2563 promittimus,
635 2513 685 2547 nos
703 2500 789 2547 iulius
806 2497 882 2561 justa
899 2502 1039 2562 potestate
1058 2502 1087 2546 et
1105 2497 1306 2547 sufficientibus
1324 2498 1474 2559 mandatis,
1486 2512 1545 2561 quas

299 2598 372 2634 nunc
394 2597 410 2633 a
428 2583 453 2632 S.
473 2582 502 2632 R.
521 2583 586 2633 lide
605 2581 745 2643 habemus,
763 2585 823 2632 sine
841 2597 918 2632 mora
935 2582 1013 2647 pacis
1031 2582 1176 2645 negocium
1194 2582 1374 2645 adgressuros
1391 2588 1421 2633 et
1438 2597 1544 2632 omnem

300 2669 414 2718 daturos
432 2680 552 2731 operam,
580 2669 610 2715 ut
631 2669 763 2729 exoptata
786 2668 864 2730 quies
886 2673 914 2716 et
932 2667 1056 2716 amicitia
1073 2665 1273 2730 principalibus
1289 2668 1424 2729 utrinqne
1441 2668 1545 2717 nostris

299 2756 328 2803 et
345 2752 444 2815 Regnis
462 2750 566 2802 Suecise
584 2749 758 2813 Poloniaeque
777 2751 931 2814 Magnoque
951 2752 1070 2801 Ducatui
1088 2749 1241 2799 Lithvauioe
1258 2750 1370 2799 restitui
1389 2755 1482 2813 queat
1509 2752 1543 2799 In

299 2849 407 2886 omnem
434 2840 527 2885 tamen
554 2838 683 2885 eventurn
709 2834 784 2884 irriti
809 2839 947 2885 tractatus
970 2835 1040 2884 nihii
1064 2832 1238 2897 suspensioni
1256 2848 1395 2883 armorum
1413 2834 1543 2898 prasenti

300 2919 489 2983 derogabitur,
515 2920 694 2981 manebitque
717 2920 745 2969 in
769 2934 818 2969 suo
836 2920 941 2980 robore,
961 2921 1049 2969 donec
1069 2919 1160 2968 dictus
1178 2919 1320 2977 terminus,
1338 2917 1543 2969 reassumeudia

299 3005 382 3054 armis
400 3002 537 3066 praefixus,
555 3003 708 3051 advenerit.
745 3002 850 3061 Quodsi
868 3003 936 3066 quid
953 3003 1028 3052 inter
1045 3003 1248 3052 commissarios
1266 3006 1331 3051 unte
1350 3002 1457 3052 dictum
1472 3003 1541 3052 diem

300 3092 312 3136 i
340 3087 418 3137 Junii
441 3087 508 3136 anni
527 3090 591 3136 ists
611 3090 777 3135 conventum
794 3087 889 3148 inerit,
906 3091 1007 3137 extunc
1024 3100 1080 3135 non
1098 3090 1247 3149 expectato
1265 3087 1394 3147 termino,
1414 3088 1452 3147 id,
1470 3086 1541 3149 quod

299 3171 481 3221 constitutum
500 3172 561 3232 erit,
579 3175 710 3234 sequetur
728 3175 757 3220 et
776 3173 933 3221 executioni
950 3169 1087 3220 tradetur.

383 3258 432 3305 διο.
476 3255 611 3306 Omnibus
640 3255 726 3318 Regni
756 3253 876 3305 Polonica
908 3255 1056 3319 Magnique
1086 3255 1209 3303 Ducatua
1238 3252 1394 3303 Lithvanire
1426 3253 1542 3305 subditis

299 3340 486 3402 cuiuscunque
514 3338 634 3390 nationis
659 3344 689 3388 et
715 3338 886 3389 conditionis
911 3340 1002 3389 libera
1027 3353 1089 3388 cum
1116 3337 1285 3388 nostratibus
1312 3341 1490 3389 conversatio
1511 3343 1543 3387 et

297 3424 456 3487 negociatio
474 3427 590 3487 tutaque
603 3438 653 3487 per
665 3424 799 3483 sueciam,
812 3423 997 3483 Fiulandiam,
1010 3422 1316 3482 Livoniam,liston1am
1330 3424 1407 3471 terra
1419 3425 1540 3486 marique

298 3506 399 3558 itInera
417 3511 506 3568 erunt,
524 3510 658 3571 nullaque
677 3509 717 3558 ris
736 3512 766 3557 et
782 3507 885 3558 iniuria
903 3512 952 3556 aut
969 3507 1158 3571 praeiudicium
1176 3508 1206 3555 in
1224 3506 1299 3569 ipsos
1318 3508 1511 3556 committetur.

384 3595 433 3640 6:o.
473 3591 590 3642 Iniuriae
617 3598 673 3641 tam
701 3594 861 3656 personales
886 3607 967 3655 qnam
988 3592 1086 3652 reales,
1104 3591 1156 3641 sub
1174 3591 1258 3639 istam
1276 3589 1460 3639 cessationem
1477 3588 1540 3639 inci·

298 3673 407 3735 dentes,
424 3689 480 3724 una
497 3689 560 3738 pers
579 3675 614 3724 de
633 3676 723 3725 altera
740 3689 795 3725 non
814 3676 978 3738 vindicabit,
995 3676 1045 3727 sed
1062 3675 1177 3739 iusticIa
1194 3674 1229 3724 ab
1245 3673 1342 3724 officiis
1355 3679 1384 3723 et
1401 3675 1540 3737 magistra·

297 3758 373 3809 tibus
392 3763 582 3822 competenter
599 3760 758 3822 requiretur
775 3764 804 3810 et
822 3760 857 3809 ab
876 3762 1007 3823 utrinque
1025 3760 1147 3810 indilata
1163 3756 1412 3819 administrabitur,
1431 3770 1539 3809 serere·

297 3857 351 3907 que
369 3856 464 3907 poenae
482 3843 512 3892 in
529 3845 677 3893 vloiatores
695 3846 773 3907 pacis
791 3844 845 3893 fide
863 3845 978 3908 publica
995 3845 1133 3895 roboratae
1151 3843 1361 3892 exercebuntur.

383 3930 433 3976 ito.
472 3926 589 3990 Captivi,
616 3929 663 3990 qui
690 3928 779 3977 adhuc
805 3929 974 3987 detinentur,
1001 3929 1132 3991 utrinque
1159 3929 1217 3977 sinc
1245 3927 1384 3976 dilatione
1410 3932 1441 3976 et
1465 3938 1538 3975 mora

296 4012 402 4075 absque
420 4012 494 4074 lytro
512 4012 696 4061 dimittentur.

381 4095 484 4144 Initum
509 4109 574 4159 ergo
596 4096 701 4145 talibus
720 4095 931 4145 condicionibus
950 4100 978 4146 et
996 4096 1095 4146 mediis
1114 4093 1277 4145 cessationis
1295 4108 1433 4145 umorum
1452 4104 1538 4158 proro-

296 4181 434 4242 gationem
454 4180 624 4229 authoritate
643 4183 673 4229 et
690 4183 837 4243 potestate,
856 4195 911 4243 qua
928 4181 957 4230 in
975 4181 1125 4243 praesentia
1142 4180 1291 4243 iungimus,
1309 4179 1536 4243 promittimusae

296 4262 462 4325 spondemus
484 4277 501 4311 a
518 4264 542 4312 S.
561 4263 634 4326 Rege
652 4270 746 4314 nostro
766 4266 847 4325 bona,
866 4265 975 4314 sincera
992 4269 1021 4314 et
1039 4264 1197 4313 nullatcnus
1214 4262 1347 4313 vlolanda
1364 4264 1420 4314 fide
1438 4263 1535 4324 absque

296 4347 354 4395 ulia
374 4347 472 4396 fraude
491 4347 591 4397 dolove
609 4348 681 4398 malo
700 4353 838 4398 servatum
857 4350 996 4412 iriaeque
1015 4347 1049 4396 ad
1068 4347 1207 4412 praefixum
1227 4348 1298 4397 diem
1317 4350 1386 4398 anni
1405 4342 1533 4398 millesimi

296 4432 492 4481 sexcentesimi
509 4433 633 4495 vigesimi
652 4433 732 4481 sexti.
768 4433 801 4481 In
820 4447 935 4495 quorum
953 4431 1036 4481 fidem
1054 4437 1204 4495 presentes
1222 4432 1351 4482 manibus
1363 4428 1532 4482 nostrissnb·

296 4514 416 4576 scriptas
434 4516 533 4578 sigillis
551 4517 650 4564 nostris
668 4515 880 4566 roboravimus.»

383 4598 475 4647 Jitmte
503 4597 582 4646 detta
607 4599 693 4648 finnss
720 4599 816 4648 bland¹
831 4598 960 4650 Polonica
982 4600 1065 4649 tiveu
1088 4604 1130 4649 ett
1151 4599 1168 4648 d
1191 4599 1290 4649 sveusk
1310 4598 1373 4649 sida
1391 4592 1532 4662 upngordt

295 4683 402 4746 idrsiag
420 4682 465 4731 till
483 4681 676 4732 motsvarande
694 4682 975 4734 stillesteudsurkund
995 4683 1058 4733 irdn
1077 4685 1112 4733 de
1130 4684 1234 4747 poiske.
