3298 5346
1224 410 1287 475 489

85 576 184 651 venit,
219 576 378 663 profugus
401 598 443 638 ex
472 575 634 639 Stumensi
656 575 817 640 territorio
840 574 1022 662 predonem
1045 577 1123 663 egit,
1148 591 1181 642 et
1203 577 1331 642 miseris

5 664 6 747 ζ
84 677 221 742 subditis
243 677 274 741 S.
298 678 334 742 R.
358 676 445 741 Mztis
468 677 632 764 perpetuis
654 676 833 741 letrociniis
855 677 1025 755 divexatis,
1043 678 1168 742 hostem
1184 692 1330 743 nostrum

84 779 244 843 Polonum
277 793 453 842 monstrato
487 778 612 857 itinere,
647 777 695 842 uti
728 795 778 842 est
798 778 929 842 cellium
952 781 985 843 in
1009 778 1071 843 iste
1093 780 1224 866 regione
1247 780 1332 865 peri·

84 879 239 953 tissimus,
266 879 381 966 seepius
404 878 551 955 deduxit,
574 877 741 965 spoliaque
764 893 797 943 et
820 881 940 965 praedes
963 880 1086 966 opimes
1108 903 1172 943 non
1195 881 1243 944 ite
1265 881 1332 966 pri·

83 981 157 1045 dem
181 980 250 1067 egit
271 994 305 1044 et
325 980 360 1043 in
382 979 538 1044 ditionem
563 978 638 1044 Setis
661 1000 734 1043 vzrae
756 979 901 1044 obduxit.
949 981 994 1045 Ut
1014 982 1118 1068 igitur
1140 981 1171 1044 S.
1188 981 1224 1044 R.
1242 981 1331 1045 Mztis

84 1080 206 1145 subditi
240 1082 279 1145 eb
313 1081 382 1146 eius
417 1080 626 1145 divexetione
656 1095 689 1145 et
710 1081 887 1146 latrociniis
911 1082 1083 1168 aliquando
1107 1082 1331 1161 liberarentur,

79 1182 164 1266 jussi
187 1197 345 1247 nostrates
367 1182 460 1246 illum
484 1182 650 1246 observerc
674 1205 721 1259 ec,
744 1182 771 1246 si
788 1197 928 1267 possent,
945 1182 1227 1269 comprehendere.
1265 1183 1329 1263 Qui

5 1292 7 1355 i
83 1285 110 1348 si
143 1284 252 1370 ipsum
285 1283 320 1347 in
352 1282 487 1347 letibule
520 1305 578 1346 sue
600 1283 761 1369 persecuti
784 1298 868 1358 sunt,
891 1282 977 1347 heud
1000 1283 1151 1348 existimo
1173 1283 1206 1346 id
1230 1283 1329 1348 Sztem

82 1406 183 1449 errem
207 1407 291 1472 egre
314 1384 460 1461 leturem,
484 1406 558 1447 cum
581 1382 699 1449 exinde
721 1384 812 1448 nullo
835 1383 894 1448 Szti
918 1398 1030 1449 vestroe
1051 1385 1162 1450 hebito
1181 1398 1331 1471 respectu

83 1485 255 1550 letrociniu
275 1487 309 1548 in
332 1507 390 1549 nos
412 1507 470 1549 sue
492 1484 684 1549 exercuerit.

168 1587 298 1665 Queute
331 1599 438 1649 eutem
472 1585 554 1648 rstio
580 1584 703 1648 domini
732 1586 771 1650 de
805 1585 902 1650 Zeme
926 1586 1041 1650 merito
1064 1609 1082 1649 e
1103 1584 1197 1650 nobis
1219 1586 1330 1650 heberi

83 1687 211 1762 debent,
235 1686 317 1750 Sztes
338 1701 444 1750 vestre
467 1709 523 1772 pro
546 1708 602 1749 sue
624 1699 657 1750 et
678 1685 849 1773 prudentie
867 1699 902 1750 et
920 1686 1072 1772 sequitete
1092 1685 1189 1750 lecile
1209 1685 1329 1770 dijudi-

82 1789 216 1865 ceverit,
249 1812 323 1853 curn
357 1788 417 1852 hoc
443 1789 514 1873 ipso
536 1801 680 1874 tempore
703 1802 837 1852 cunctos
860 1789 893 1851 in
917 1789 1025 1852 odium
1049 1788 1079 1851 S.
1103 1788 1140 1852 R.
1165 1787 1253 1851 M2tis
1276 1789 1332 1851 do·

83 1889 164 1953 mini
189 1889 263 1967 mei,
286 1902 443 1976 quantum
464 1889 498 1951 iu
521 1888 592 1974 ipso
609 1902 667 1963 est,
683 1889 824 1973 seposito
840 1889 927 1952 omni
943 1888 977 1952 in
993 1888 1183 1976 religionem
1200 1888 1332 1966 effectu,

83 1992 246 2055 concitare
268 2004 412 2067 conetur,
436 2002 473 2053 ut
495 2011 533 2052 eo
549 2011 678 2075 quoque
696 1989 823 2053 nomine
841 1990 954 2053 merito
970 1989 1082 2052 maiori
1097 1990 1131 2053 in
1146 1989 1330 2054 ministrum

83 2092 153 2155 eius
176 2091 400 2178 indignatione
422 2090 572 2153 feremur.

169 2194 217 2255 At
238 2214 279 2254 ne
303 2190 378 2255 Seis
401 2213 475 2254 vuae
497 2189 684 2254 intercessio
707 2214 726 2254 e
748 2212 799 2254 me
821 2191 969 2255 videatur
992 2190 1150 2277 neglecte,
1173 2190 1233 2255 hec
1256 2214 1332 2254 con·

83 2293 208 2357 ditione
243 2291 364 2356 dictum
389 2290 539 2355 Keterski
562 2315 580 2355 e
603 2290 743 2354 vinculis
766 2290 934 2355 dimissum
957 2293 1134 2363 restituam,
1158 2291 1184 2354 ei
1208 2313 1267 2376 pro
1291 2315 1332 2355 eo

83 2394 235 2458 dominus
258 2392 459 2458 Castellnnus
474 2391 653 2457 Culmensis
668 2390 733 2455 fide
749 2391 985 2456 interveniente
1000 2390 1219 2477 spoponderit,
1235 2391 1330 2455 illum

84 2493 203 2557 lexetis
225 2492 366 2558 vinculis
389 2492 559 2558 territoriis
582 2492 793 2578 subditisque,
816 2494 873 2579 qui
889 2505 964 2555 sunt
978 2493 1011 2556 in
1029 2515 1123 2556 menn
1141 2490 1171 2555 S.
1189 2492 1225 2556 R.
1242 2492 1333 2557 Mrie

85 2593 207 2658 domini
231 2595 306 2671 mei,
329 2594 488 2658 ebetinere
511 2593 636 2659 debere.
680 2593 718 2656 In
738 2615 892 2679 quocum
909 2592 990 2657 milri
1004 2592 1105 2658 fuerit
1119 2594 1331 2670 satisfactum,

6 2734 8 2737 ·
83 2695 173 2760 illico
208 2694 372 2759 hominem
406 2695 577 2759 dimittam.
634 2694 757 2758 Vestrae
783 2706 889 2758 eutem
914 2694 983 2768 sni,
1006 2695 1032 2756 si
1055 2694 1131 2779 quid
1156 2694 1253 2758 officii
1273 2716 1332 2757 un·

12 2816 13 2819 ’
84 2820 179 2882 quem
214 2819 234 2859 e
266 2818 317 2860 me
352 2797 492 2882 praesteri
527 2795 656 2880 poterit,
685 2796 754 2858 eius
777 2818 828 2858 me
851 2795 1006 2881 cupidum
1030 2794 1332 2880 petetissimumque

7 2936 14 2941 ·
85 2910 244 2983 perpetuo
267 2897 392 2960 sentiet.
437 2897 527 2961 Deus
549 2894 730 2982 Opt[imus]
753 2894 945 2981 Mex[imus]
967 2895 1064 2959 Sztem
1081 2909 1218 2959 vestram
1234 2917 1330 2981 quem

84 2997 266 3062 diutissime
289 2997 410 3061 selvam
432 2997 692 3082 incolumemque
714 3011 889 3063 conservet.
935 2996 1101 3060 Debentur
1123 3009 1184 3060 etc.

169 3136 261 3199 Kopie
278 3137 289 3184 1
307 3135 339 3183 Κ.
358 3131 546 3184 Stetserkivet
562 3136 572 3183 1
590 3134 773 3197 Kbnigsbsrg,
792 3132 884 3197 Oetpr.
903 3133 963 3182 Ful.
983 3137 1031 3182 823
1049 3148 1072 3183 e.

10 3618 19 3625 .‚
82 3542 159 3597 282.
202 3542 273 3597 ἨΠ
294 3541 444 3610 Konung
464 3538 594 3597 Gustus
612 3540 728 3595 Adolr.
854 3539 982 3609 Elbing
1003 3540 1037 3595 d.
1060 3539 1100 3594 et
1122 3540 1215 3596 Hm
1237 3539 1331 3595 10²7.

169 3716 408 3804 Ofelletriediyt.

5 3830 24 3866 ·”’”
82 3840 134 3889 Om
160 3840 341 3903 lengebytet3
361 3839 410 3890 det
428 3843 493 3899 sett,
511 3838 616 3901 hverpt
634 3838 733 3887 dervld
752 3837 852 3900 frages
872 3853 916 3887 orn
935 3839 997 3887 fred
1015 3839 1084 3886 eller
1100 3838 1265 3902 vepenhvile
1284 3837 1332 3887 be·

7 3930 14 3937 ’
168 3928 253 3982 tortu
271 3929 438 3987 truppernes
458 3922 605 3972 underhtll
623 3922 652 3971 el
671 3923 705 3971 de
726 3921 798 3971 bede
815 3921 940 3975 Werder:
960 3923 1009 3971 det
1025 3920 1157 3985 engeleke
1169 3921 1330 3986 kompenlet

169 4008 310 4071 11l1biug;
329 4007 452 4057 bendeln
470 4008 582 4056 tssleten
602 4007 682 4057 ‘o'lver
700 4005 876 4069 Kbnigsberg
893 4006 944 4055 och
962 4007 972 4054 i
990 4006 1129 4056 strskllda
1145 4007 1196 4055 lull
1209 4006 1245 4069 pt
1257 4006 1329 4055 Den-

170 4093 219 4155 eig,
245 4091 289 4140 dlt
316 4092 368 4141 ock
394 4093 456 4146 med
474 4092 621 4141 kenelerne
639 4090 756 4154 vetskep
776 4090 837 4140 bret
854 4090 912 4139 lert
930 4090 1041 4150 studes,
1060 4092 1236 4152 hserlgenom
1256 4097 1330 4153 post·

170 4176 307 4238 sendnrng
334 4175 385 4225 och
412 4174 763 4239 penningetreusektioner
788 4174 851 4223 med
878 4174 1020 4237 Hemburg
1046 4178 1119 4223 sernt
1137 4179 1179 4223 stt
1197 4173 1332 4236 behbfligt

171 4259 370 4324 kunslrepende
388 4260 584 4309 underltttets.
622 4258 735 4322 Hoppes
753 4258 905 4320 konnngen
923 4259 1007 4320 gillur
1025 4259 1093 4307 bens
1112 4258 1249 4321 ttgtrder.

533 4388 798 4474 Stormechtigstc
820 4402 881 4451 etc.

13 4538 28 4575 „-
171 4505 409 4593 Allerntdigste
433 4506 598 4588 Konnung
621 4504 681 4570 och
704 4505 817 4569 Herre.
861 4505 986 4569 Ester
973 4528 1032 4592 Jeg
1053 4520 1139 4583 veet,
1155 4506 1331 4592 ingenting

79 4608 129 4672 eff
150 4605 212 4671 eltt
233 4607 305 4685 ded,
328 4630 396 4671 som
420 4607 476 4671 her
498 4607 556 4671 thr
577 4606 760 4693 foreldpedt
782 4606 842 4669 och
859 4606 926 4670 eff'
917 4621 1125 4693 importence,
1141 4606 1179 4670 Ε.
1195 4606 1236 4670 Κ.
1253 4606 1331 4669 Mztt
