<?xml version="1.0" encoding="UTF-8"?>
<!DOCTYPE html PUBLIC "-//W3C//DTD XHTML 1.0 Transitional//EN"
    "http://www.w3.org/TR/xhtml1/DTD/xhtml1-transitional.dtd">
<html xmlns="http://www.w3.org/1999/xhtml" xml:lang="en" lang="en">
 <head>
  <title>
</title>
<meta http-equiv="Content-Type" content="text/html;charset=utf-8" />
  <meta name='ocr-system' content='tesseract 3.04.00' />
  <meta name='ocr-capabilities' content='ocr_page ocr_carea ocr_par ocr_line ocrx_word'/>
</head>
<body>
  <div class='ocr_page' id='page_1' title='image "./rikskanslerenax00akadgoog_0162.png"; bbox 0 0 3314 5362; ppageno 0'>
   <div class='ocr_carea' id='block_1_1' title="bbox 421 432 481 496">
    <p class='ocr_par' dir='ltr' id='par_1_1' title="bbox 421 432 481 496">
     <span class='ocr_line' id='line_1_1' title="bbox 421 432 481 496; baseline 0.033 -2"><span class='ocrx_word' id='word_1_1' title='bbox 421 432 481 496; x_wconf 80' lang='lat'><strong>128</strong></span> 
     </span>
    </p>
   </div>
   <div class='ocr_carea' id='block_1_2' title="bbox 375 597 1626 4606">
    <p class='ocr_par' dir='ltr' id='par_1_2' title="bbox 378 597 1615 1771">
     <span class='ocr_line' id='line_1_2' title="bbox 378 597 1611 685; baseline -0.002 -21"><span class='ocrx_word' id='word_1_2' title='bbox 378 600 486 664; x_wconf 86' lang='lat' dir='ltr'><strong>forsan</strong></span> <span class='ocrx_word' id='word_1_3' title='bbox 509 599 606 663; x_wconf 89' lang='lat' dir='ltr'><strong>nimis</strong></span> <span class='ocrx_word' id='word_1_4' title='bbox 628 612 813 685; x_wconf 88' lang='lat' dir='ltr'><strong>suspectum</strong></span> <span class='ocrx_word' id='word_1_5' title='bbox 836 598 981 675; x_wconf 88' lang='lat' dir='ltr'><strong>haberet,</strong></span> <span class='ocrx_word' id='word_1_6' title='bbox 1006 597 1035 661; x_wconf 90' lang='lat' dir='ltr'><strong>S.</strong></span> <span class='ocrx_word' id='word_1_7' title='bbox 1059 599 1096 662; x_wconf 88' lang='lat' dir='ltr'><strong>R.</strong></span> <span class='ocrx_word' id='word_1_8' title='bbox 1121 598 1216 662; x_wconf 79' lang='lat' dir='ltr'><strong>llztas</strong></span> <span class='ocrx_word' id='word_1_9' title='bbox 1238 598 1388 676; x_wconf 90' lang='lat' dir='ltr'><strong>induciis,</strong></span> <span class='ocrx_word' id='word_1_10' title='bbox 1410 621 1483 662; x_wconf 85' lang='lat' dir='ltr'><strong>curn</strong></span> <span class='ocrx_word' id='word_1_11' title='bbox 1501 598 1611 663; x_wconf 92' lang='lat' dir='ltr'><strong>Polono</strong></span> 
     </span>
     <span class='ocr_line' id='line_1_3' title="bbox 378 698 1611 786; baseline -0.001 -22"><span class='ocrx_word' id='word_1_12' title='bbox 378 700 469 764; x_wconf 91' lang='lat' dir='ltr'><strong>initis</strong></span> <span class='ocrx_word' id='word_1_13' title='bbox 503 724 540 764; x_wconf 89' lang='lat' dir='ltr'><strong>ao</strong></span> <span class='ocrx_word' id='word_1_14' title='bbox 573 700 632 764; x_wconf 91' lang='lat' dir='ltr'><strong>sub</strong></span> <span class='ocrx_word' id='word_1_15' title='bbox 663 700 848 764; x_wconf 88' lang='lat' dir='ltr'><strong>conditione</strong></span> <span class='ocrx_word' id='word_1_16' title='bbox 875 699 997 764; x_wconf 91' lang='lat' dir='ltr'><strong>silentii</strong></span> <span class='ocrx_word' id='word_1_17' title='bbox 1024 698 1235 786; x_wconf 79' lang='lat' dir='ltr'><strong>prorogandis</strong></span> <span class='ocrx_word' id='word_1_18' title='bbox 1262 699 1296 762; x_wconf 91' lang='lat' dir='ltr'><strong>in</strong></span> <span class='ocrx_word' id='word_1_19' title='bbox 1319 722 1438 763; x_wconf 90' lang='lat' dir='ltr'><strong>annum</strong></span> <span class='ocrx_word' id='word_1_20' title='bbox 1462 700 1551 774; x_wconf 80' lang='lat'><strong>1626,</strong></span> <span class='ocrx_word' id='word_1_21' title='bbox 1571 723 1611 763; x_wconf 86' lang='lat' dir='ltr'><strong>re·</strong></span> 
     </span>
     <span class='ocr_line' id='line_1_4' title="bbox 379 799 1611 888; baseline -0.002 -23"><span class='ocrx_word' id='word_1_22' title='bbox 379 801 557 878; x_wconf 79' lang='lat' dir='ltr'><strong>nunciavit,</strong></span> <span class='ocrx_word' id='word_1_23' title='bbox 580 801 766 888; x_wconf 76' lang='lat' dir='ltr'><strong>significans</strong></span> <span class='ocrx_word' id='word_1_24' title='bbox 789 823 822 865; x_wconf 89' lang='lat' dir='ltr'><strong>se</strong></span> <span class='ocrx_word' id='word_1_25' title='bbox 845 801 895 878; x_wconf 91' lang='lat' dir='ltr'><strong>iis,</strong></span> <span class='ocrx_word' id='word_1_26' title='bbox 918 813 955 865; x_wconf 90' lang='lat' dir='ltr'><strong>ut</strong></span> <span class='ocrx_word' id='word_1_27' title='bbox 976 814 1105 886; x_wconf 88' lang='lat' dir='ltr'><strong>pactum</strong></span> <span class='ocrx_word' id='word_1_28' title='bbox 1122 800 1236 877; x_wconf 77' lang='lat' dir='ltr'><strong>fuerat,</strong></span> <span class='ocrx_word' id='word_1_29' title='bbox 1254 799 1339 864; x_wconf 91' lang='lat' dir='ltr'><strong>ultra</strong></span> <span class='ocrx_word' id='word_1_30' title='bbox 1354 800 1395 863; x_wconf 82' lang='lat'><strong>30</strong></span> <span class='ocrx_word' id='word_1_31' title='bbox 1410 799 1503 865; x_wconf 80' lang='lat' dir='ltr'><strong>Junii</strong></span> <span class='ocrx_word' id='word_1_32' title='bbox 1520 802 1611 865; x_wconf 87' lang='lat' dir='ltr'><strong>teneri</strong></span> 
     </span>
     <span class='ocr_line' id='line_1_5' title="bbox 379 899 1612 986; baseline -0.001 -21"><span class='ocrx_word' id='word_1_33' title='bbox 379 902 475 980; x_wconf 89' lang='lat' dir='ltr'><strong>nolle,</strong></span> <span class='ocrx_word' id='word_1_34' title='bbox 497 903 585 966; x_wconf 85' lang='lat' dir='ltr'><strong>facta</strong></span> <span class='ocrx_word' id='word_1_35' title='bbox 606 913 714 966; x_wconf 87' lang='lat' dir='ltr'><strong>tamen</strong></span> <span class='ocrx_word' id='word_1_36' title='bbox 738 901 871 966; x_wconf 89' lang='lat' dir='ltr'><strong>Polonis</strong></span> <span class='ocrx_word' id='word_1_37' title='bbox 893 913 1052 986; x_wconf 88' lang='lat' dir='ltr'><strong>potestate</strong></span> <span class='ocrx_word' id='word_1_38' title='bbox 1076 900 1180 964; x_wconf 86' lang='lat' dir='ltr'><strong>missis</strong></span> <span class='ocrx_word' id='word_1_39' title='bbox 1202 899 1428 965; x_wconf 81' lang='lat' dir='ltr'><strong>commissoriis</strong></span> <span class='ocrx_word' id='word_1_40' title='bbox 1446 924 1520 965; x_wconf 89' lang='lat' dir='ltr'><strong>curn</strong></span> <span class='ocrx_word' id='word_1_41' title='bbox 1531 902 1612 984; x_wconf 86' lang='lat' dir='ltr'><strong>justa</strong></span> 
     </span>
     <span class='ocr_line' id='line_1_6' title="bbox 379 1001 1611 1089; baseline -0.001 -24"><span class='ocrx_word' id='word_1_42' title='bbox 379 1003 616 1089; x_wconf 75' lang='lat' dir='ltr'><strong>plenipotentia</strong></span> <span class='ocrx_word' id='word_1_43' title='bbox 648 1025 683 1067; x_wconf 91' lang='lat' dir='ltr'><strong>ac</strong></span> <span class='ocrx_word' id='word_1_44' title='bbox 717 1002 874 1066; x_wconf 86' lang='lat' dir='ltr'><strong>mandatis</strong></span> <span class='ocrx_word' id='word_1_45' title='bbox 907 1001 947 1066; x_wconf 90' lang='lat' dir='ltr'><strong>de</strong></span> <span class='ocrx_word' id='word_1_46' title='bbox 980 1023 1092 1065; x_wconf 88' lang='lat' dir='ltr'><strong>secura</strong></span> <span class='ocrx_word' id='word_1_47' title='bbox 1124 1024 1160 1065; x_wconf 91' lang='lat' dir='ltr'><strong>ac</strong></span> <span class='ocrx_word' id='word_1_48' title='bbox 1189 1002 1323 1065; x_wconf 88' lang='lat' dir='ltr'><strong>decente</strong></span> <span class='ocrx_word' id='word_1_49' title='bbox 1352 1024 1431 1088; x_wconf 89' lang='lat' dir='ltr'><strong>pace</strong></span> <span class='ocrx_word' id='word_1_50' title='bbox 1454 1003 1611 1071; x_wconf 84' lang='lat' dir='ltr'><strong>tractandi,</strong></span> 
     </span>
     <span class='ocr_line' id='line_1_7' title="bbox 379 1101 1613 1188; baseline -0.002 -21"><span class='ocrx_word' id='word_1_51' title='bbox 379 1103 475 1167; x_wconf 88' lang='lat' dir='ltr'><strong>sicuti</strong></span> <span class='ocrx_word' id='word_1_52' title='bbox 504 1103 613 1167; x_wconf 83' lang='lat' dir='ltr'><strong>iathaec</strong></span> <span class='ocrx_word' id='word_1_53' title='bbox 640 1126 683 1166; x_wconf 81' lang='lat' dir='ltr'><strong>ex</strong></span> <span class='ocrx_word' id='word_1_54' title='bbox 710 1102 812 1167; x_wconf 90' lang='lat' dir='ltr'><strong>literis</strong></span> <span class='ocrx_word' id='word_1_55' title='bbox 835 1101 919 1166; x_wconf 89' lang='lat' dir='ltr'><strong>inter</strong></span> <span class='ocrx_word' id='word_1_56' title='bbox 941 1116 1088 1166; x_wconf 87' lang='lat' dir='ltr'><strong>senatum</strong></span> <span class='ocrx_word' id='word_1_57' title='bbox 1111 1101 1279 1187; x_wconf 90' lang='lat' dir='ltr'><strong>utriusque</strong></span> <span class='ocrx_word' id='word_1_58' title='bbox 1302 1102 1396 1188; x_wconf 73' lang='lat' dir='ltr'><strong>regni</strong></span> <span class='ocrx_word' id='word_1_59' title='bbox 1419 1103 1613 1166; x_wconf 86' lang='lat' dir='ltr'><strong>commutatis</strong></span> 
     </span>
     <span class='ocr_line' id='line_1_8' title="bbox 378 1202 1613 1289; baseline -0.002 -23"><span class='ocrx_word' id='word_1_60' title='bbox 378 1218 474 1289; x_wconf 88' lang='lat' dir='ltr'><strong>atquc</strong></span> <span class='ocrx_word' id='word_1_61' title='bbox 497 1204 536 1267; x_wconf 90' lang='lat' dir='ltr'><strong>ad</strong></span> <span class='ocrx_word' id='word_1_62' title='bbox 560 1218 592 1267; x_wconf 90' lang='lat' dir='ltr'><strong>te</strong></span> <span class='ocrx_word' id='word_1_63' title='bbox 612 1204 802 1288; x_wconf 85' lang='lat' dir='ltr'><strong>jamdudum</strong></span> <span class='ocrx_word' id='word_1_64' title='bbox 827 1204 932 1267; x_wconf 88' lang='lat' dir='ltr'><strong>missis</strong></span> <span class='ocrx_word' id='word_1_65' title='bbox 954 1202 1091 1267; x_wconf 87' lang='lat' dir='ltr'><strong>ubertim</strong></span> <span class='ocrx_word' id='word_1_66' title='bbox 1114 1202 1308 1268; x_wconf 85' lang='lat' dir='ltr'><strong>intellexisti</strong></span> <span class='ocrx_word' id='word_1_67' title='bbox 1320 1204 1356 1283; x_wconf 84' lang='lat'><strong>¹).</strong></span> <span class='ocrx_word' id='word_1_68' title='bbox 1400 1202 1480 1267; x_wconf 79' lang='lat' dir='ltr'><strong>Erat</strong></span> <span class='ocrx_word' id='word_1_69' title='bbox 1506 1217 1537 1267; x_wconf 92' lang='lat' dir='ltr'><strong>et</strong></span> <span class='ocrx_word' id='word_1_70' title='bbox 1559 1204 1613 1266; x_wconf 89' lang='lat' dir='ltr'><strong>alia</strong></span> 
     </span>
     <span class='ocr_line' id='line_1_9' title="bbox 378 1303 1613 1390; baseline -0.001 -23"><span class='ocrx_word' id='word_1_71' title='bbox 378 1304 518 1368; x_wconf 88' lang='lat' dir='ltr'><strong>induciis</strong></span> <span class='ocrx_word' id='word_1_72' title='bbox 552 1303 714 1367; x_wconf 91' lang='lat' dir='ltr'><strong>Polonicis</strong></span> <span class='ocrx_word' id='word_1_73' title='bbox 746 1304 956 1369; x_wconf 78' lang='lat' dir='ltr'><strong>renunciandi</strong></span> <span class='ocrx_word' id='word_1_74' title='bbox 989 1304 1080 1379; x_wconf 86' lang='lat' dir='ltr'><strong>ratio,</strong></span> <span class='ocrx_word' id='word_1_75' title='bbox 1114 1304 1200 1390; x_wconf 92' lang='lat' dir='ltr'><strong>quod</strong></span> <span class='ocrx_word' id='word_1_76' title='bbox 1234 1303 1285 1367; x_wconf 76' lang='lat'><strong>⁴¹8.</strong></span> <span class='ocrx_word' id='word_1_77' title='bbox 1320 1304 1357 1368; x_wconf 82' lang='lat' dir='ltr'><strong>R.</strong></span> <span class='ocrx_word' id='word_1_78' title='bbox 1383 1305 1499 1368; x_wconf 76' lang='lat' dir='ltr'><strong>M:tas*</strong></span> <span class='ocrx_word' id='word_1_79' title='bbox 1525 1304 1613 1368; x_wconf 85' lang='lat' dir='ltr'><strong>facile</strong></span> 
     </span>
     <span class='ocr_line' id='line_1_10' title="bbox 379 1403 1614 1491; baseline -0.002 -22"><span class='ocrx_word' id='word_1_80' title='bbox 379 1403 658 1477; x_wconf 85' lang='lat' dir='ltr'><strong>animadverteret,</strong></span> <span class='ocrx_word' id='word_1_81' title='bbox 693 1405 778 1469; x_wconf 93' lang='lat' dir='ltr'><strong>bello</strong></span> <span class='ocrx_word' id='word_1_82' title='bbox 811 1428 869 1491; x_wconf 86' lang='lat' dir='ltr'><strong>pro</strong></span> <span class='ocrx_word' id='word_1_83' title='bbox 903 1427 996 1468; x_wconf 89' lang='lat' dir='ltr'><strong>causa</strong></span> <span class='ocrx_word' id='word_1_84' title='bbox 1023 1405 1186 1469; x_wconf 90' lang='lat' dir='ltr'><strong>communi</strong></span> <span class='ocrx_word' id='word_1_85' title='bbox 1209 1418 1360 1491; x_wconf 85' lang='lat' dir='ltr'><strong>suscepto</strong></span> <span class='ocrx_word' id='word_1_86' title='bbox 1383 1427 1418 1469; x_wconf 89' lang='lat' dir='ltr'><strong>se</strong></span> <span class='ocrx_word' id='word_1_87' title='bbox 1441 1406 1481 1469; x_wconf 87' lang='lat' dir='ltr'><strong>ab</strong></span> <span class='ocrx_word' id='word_1_88' title='bbox 1502 1405 1614 1469; x_wconf 90' lang='lat' dir='ltr'><strong>insulto</strong></span> 
     </span>
     <span class='ocr_line' id='line_1_11' title="bbox 379 1504 1613 1592; baseline 0 -24"><span class='ocrx_word' id='word_1_89' title='bbox 379 1504 493 1569; x_wconf 92' lang='lat' dir='ltr'><strong>Poloni</strong></span> <span class='ocrx_word' id='word_1_90' title='bbox 527 1506 703 1570; x_wconf 89' lang='lat' dir='ltr'><strong>immunem</strong></span> <span class='ocrx_word' id='word_1_91' title='bbox 733 1529 797 1569; x_wconf 87' lang='lat' dir='ltr'><strong>non</strong></span> <span class='ocrx_word' id='word_1_92' title='bbox 819 1507 973 1581; x_wconf 86' lang='lat' dir='ltr'><strong>futuram,</strong></span> <span class='ocrx_word' id='word_1_93' title='bbox 996 1504 1143 1590; x_wconf 90' lang='lat' dir='ltr'><strong>ideoque,</strong></span> <span class='ocrx_word' id='word_1_94' title='bbox 1167 1518 1202 1569; x_wconf 92' lang='lat' dir='ltr'><strong>ut</strong></span> <span class='ocrx_word' id='word_1_95' title='bbox 1224 1506 1320 1570; x_wconf 88' lang='lat' dir='ltr'><strong>rebus</strong></span> <span class='ocrx_word' id='word_1_96' title='bbox 1341 1506 1408 1569; x_wconf 90' lang='lat' dir='ltr'><strong>suis</strong></span> <span class='ocrx_word' id='word_1_97' title='bbox 1433 1506 1613 1592; x_wconf 82' lang='lat' dir='ltr'><strong>tempestive</strong></span> 
     </span>
     <span class='ocr_line' id='line_1_12' title="bbox 379 1605 1615 1693; baseline 0.001 -25"><span class='ocrx_word' id='word_1_98' title='bbox 379 1605 588 1692; x_wconf 75' lang='lat' dir='ltr'><strong>prospiceret,</strong></span> <span class='ocrx_word' id='word_1_99' title='bbox 621 1606 854 1693; x_wconf 83' lang='lat' dir='ltr'><strong>necquicquam</strong></span> <span class='ocrx_word' id='word_1_100' title='bbox 888 1605 1090 1671; x_wconf 80' lang='lat' dir='ltr'><strong>obstantibus</strong></span> <span class='ocrx_word' id='word_1_101' title='bbox 1117 1605 1267 1683; x_wconf 88' lang='lat' dir='ltr'><strong>induciis,</strong></span> <span class='ocrx_word' id='word_1_102' title='bbox 1290 1620 1414 1670; x_wconf 90' lang='lat' dir='ltr'><strong>certum</strong></span> <span class='ocrx_word' id='word_1_103' title='bbox 1433 1608 1615 1692; x_wconf 87' lang='lat' dir='ltr'><strong>justumque</strong></span> 
     </span>
     <span class='ocr_line' id='line_1_13' title="bbox 379 1705 651 1771; baseline -0.007 -1"><span class='ocrx_word' id='word_1_104' title='bbox 379 1706 501 1770; x_wconf 88' lang='lat' dir='ltr'><strong>bellum</strong></span> <span class='ocrx_word' id='word_1_105' title='bbox 525 1705 651 1771; x_wconf 88' lang='lat' dir='ltr'><strong>maluit.</strong></span> 
     </span>
    </p>

    <p class='ocr_par' dir='ltr' id='par_1_3' title="bbox 375 1806 1626 4606">
     <span class='ocr_line' id='line_1_14' title="bbox 464 1806 1617 1894; baseline -0.001 -24"><span class='ocrx_word' id='word_1_106' title='bbox 464 1806 543 1870; x_wconf 87' lang='lat' dir='ltr'><strong>Haec</strong></span> <span class='ocrx_word' id='word_1_107' title='bbox 571 1807 705 1871; x_wconf 88' lang='lat' dir='ltr'><strong>consilia</strong></span> <span class='ocrx_word' id='word_1_108' title='bbox 734 1807 765 1871; x_wconf 83' lang='lat' dir='ltr'><strong>S.</strong></span> <span class='ocrx_word' id='word_1_109' title='bbox 788 1808 824 1871; x_wconf 89' lang='lat' dir='ltr'><strong>R.</strong></span> <span class='ocrx_word' id='word_1_110' title='bbox 849 1807 938 1871; x_wconf 78' lang='lat' dir='ltr'><strong>Mztis</strong></span> <span class='ocrx_word' id='word_1_111' title='bbox 965 1830 1021 1893; x_wconf 90' lang='lat' dir='ltr'><strong>pro</strong></span> <span class='ocrx_word' id='word_1_112' title='bbox 1044 1807 1146 1872; x_wconf 89' lang='lat' dir='ltr'><strong>salute</strong></span> <span class='ocrx_word' id='word_1_113' title='bbox 1170 1808 1335 1871; x_wconf 87' lang='lat' dir='ltr'><strong>communi</strong></span> <span class='ocrx_word' id='word_1_114' title='bbox 1358 1820 1515 1894; x_wconf 86' lang='lat' dir='ltr'><strong>suscepta,</strong></span> <span class='ocrx_word' id='word_1_115' title='bbox 1538 1822 1617 1893; x_wconf 88' lang='lat' dir='ltr'><strong>post·</strong></span> 
     </span>
     <span class='ocr_line' id='line_1_15' title="bbox 379 1906 1617 1995; baseline -0.002 -25"><span class='ocrx_word' id='word_1_116' title='bbox 379 1931 475 1994; x_wconf 90' lang='lat' dir='ltr'><strong>quam</strong></span> <span class='ocrx_word' id='word_1_117' title='bbox 498 1909 684 1973; x_wconf 86' lang='lat' dir='ltr'><strong>interventu</strong></span> <span class='ocrx_word' id='word_1_118' title='bbox 708 1907 829 1995; x_wconf 74' lang='lat' dir='ltr'><strong>*Regis</strong></span> <span class='ocrx_word' id='word_1_119' title='bbox 852 1908 963 1973; x_wconf 82' lang='lat' dir='ltr'><strong>Daniae</strong></span> <span class='ocrx_word' id='word_1_120' title='bbox 985 1907 1222 1983; x_wconf 76' lang='lat' dir='ltr'><strong>turbarentur*,</strong></span> <span class='ocrx_word' id='word_1_121' title='bbox 1244 1907 1493 1995; x_wconf 84' lang='lat' dir='ltr'><strong>frigescentibus</strong></span> <span class='ocrx_word' id='word_1_122' title='bbox 1509 1906 1617 1972; x_wconf 85' lang='lat' dir='ltr'><strong>animis</strong></span> 
     </span>
     <span class='ocr_line' id='line_1_16' title="bbox 381 2007 1615 2095; baseline -0.002 -22"><span class='ocrx_word' id='word_1_123' title='bbox 381 2009 500 2095; x_wconf 71' lang='lat' dir='ltr'><strong>*Regis</strong></span> <span class='ocrx_word' id='word_1_124' title='bbox 528 2007 718 2074; x_wconf 76' lang='lat' dir='ltr'><strong>Britanniae*</strong></span> <span class='ocrx_word' id='word_1_125' title='bbox 748 2024 843 2094; x_wconf 89' lang='lat' dir='ltr'><strong>utque</strong></span> <span class='ocrx_word' id='word_1_126' title='bbox 871 2009 1016 2083; x_wconf 87' lang='lat' dir='ltr'><strong>aliorum,</strong></span> <span class='ocrx_word' id='word_1_127' title='bbox 1038 2009 1071 2071; x_wconf 94' lang='lat' dir='ltr'><strong>in</strong></span> <span class='ocrx_word' id='word_1_128' title='bbox 1095 2009 1192 2073; x_wconf 88' lang='lat' dir='ltr'><strong>hosce</strong></span> <span class='ocrx_word' id='word_1_129' title='bbox 1215 2031 1272 2073; x_wconf 91' lang='lat' dir='ltr'><strong>nos</strong></span> <span class='ocrx_word' id='word_1_130' title='bbox 1295 2009 1497 2093; x_wconf 84' lang='lat' dir='ltr'><strong>labyrinthos</strong></span> <span class='ocrx_word' id='word_1_131' title='bbox 1520 2008 1615 2072; x_wconf 88' lang='lat' dir='ltr'><strong>conie-</strong></span> 
     </span>
     <span class='ocr_line' id='line_1_17' title="bbox 380 2109 1617 2196; baseline -0.001 -23"><span class='ocrx_word' id='word_1_132' title='bbox 380 2124 503 2185; x_wconf 84' lang='lat' dir='ltr'><strong>cerunt,</strong></span> <span class='ocrx_word' id='word_1_133' title='bbox 525 2123 562 2173; x_wconf 91' lang='lat' dir='ltr'><strong>ut</strong></span> <span class='ocrx_word' id='word_1_134' title='bbox 584 2133 644 2174; x_wconf 91' lang='lat' dir='ltr'><strong>nec</strong></span> <span class='ocrx_word' id='word_1_135' title='bbox 666 2109 812 2174; x_wconf 86' lang='lat' dir='ltr'><strong>insistere</strong></span> <span class='ocrx_word' id='word_1_136' title='bbox 835 2109 998 2196; x_wconf 91' lang='lat' dir='ltr'><strong>proposito</strong></span> <span class='ocrx_word' id='word_1_137' title='bbox 1017 2109 1157 2192; x_wconf 88' lang='lat' dir='ltr'><strong>juvandi</strong></span> <span class='ocrx_word' id='word_1_138' title='bbox 1180 2110 1309 2186; x_wconf 89' lang='lat' dir='ltr'><strong>amicos,</strong></span> <span class='ocrx_word' id='word_1_139' title='bbox 1332 2132 1392 2174; x_wconf 91' lang='lat' dir='ltr'><strong>nec</strong></span> <span class='ocrx_word' id='word_1_140' title='bbox 1414 2132 1488 2173; x_wconf 91' lang='lat' dir='ltr'><strong>cum</strong></span> <span class='ocrx_word' id='word_1_141' title='bbox 1505 2109 1617 2173; x_wconf 88' lang='lat' dir='ltr'><strong>honore</strong></span> 
     </span>
     <span class='ocr_line' id='line_1_18' title="bbox 379 2210 1616 2296; baseline -0.003 -21"><span class='ocrx_word' id='word_1_142' title='bbox 379 2226 412 2275; x_wconf 86' lang='lat' dir='ltr'><strong>et</strong></span> <span class='ocrx_word' id='word_1_143' title='bbox 444 2212 561 2275; x_wconf 89' lang='lat' dir='ltr'><strong>decoro</strong></span> <span class='ocrx_word' id='word_1_144' title='bbox 595 2212 634 2276; x_wconf 89' lang='lat' dir='ltr'><strong>ad</strong></span> <span class='ocrx_word' id='word_1_145' title='bbox 668 2210 817 2296; x_wconf 86' lang='lat' dir='ltr'><strong>pristinas</strong></span> <span class='ocrx_word' id='word_1_146' title='bbox 850 2211 1045 2275; x_wconf 85' lang='lat' dir='ltr'><strong>cessantium</strong></span> <span class='ocrx_word' id='word_1_147' title='bbox 1079 2232 1237 2274; x_wconf 89' lang='lat' dir='ltr'><strong>armorum</strong></span> <span class='ocrx_word' id='word_1_148' title='bbox 1264 2222 1315 2273; x_wconf 89' lang='lat' dir='ltr'><strong>tot</strong></span> <span class='ocrx_word' id='word_1_149' title='bbox 1336 2210 1467 2295; x_wconf 88' lang='lat' dir='ltr'><strong>scriptis</strong></span> <span class='ocrx_word' id='word_1_150' title='bbox 1489 2211 1616 2274; x_wconf 88' lang='lat' dir='ltr'><strong>reiectas</strong></span> 
     </span>
     <span class='ocr_line' id='line_1_19' title="bbox 379 2310 1616 2398; baseline -0.002 -23"><span class='ocrx_word' id='word_1_151' title='bbox 379 2312 638 2398; x_wconf 88' lang='lat' dir='ltr'><strong>improbatasque</strong></span> <span class='ocrx_word' id='word_1_152' title='bbox 662 2310 869 2375; x_wconf 88' lang='lat' dir='ltr'><strong>condiciones</strong></span> <span class='ocrx_word' id='word_1_153' title='bbox 891 2310 1014 2375; x_wconf 89' lang='lat' dir='ltr'><strong>resilire</strong></span> <span class='ocrx_word' id='word_1_154' title='bbox 1037 2310 1174 2375; x_wconf 86' lang='lat' dir='ltr'><strong>licuerit.</strong></span> <span class='ocrx_word' id='word_1_155' title='bbox 1219 2311 1294 2374; x_wconf 83' lang='lat' dir='ltr'><strong>Non</strong></span> <span class='ocrx_word' id='word_1_156' title='bbox 1316 2332 1447 2396; x_wconf 89' lang='lat' dir='ltr'><strong>possum</strong></span> <span class='ocrx_word' id='word_1_157' title='bbox 1472 2312 1550 2375; x_wconf 88' lang='lat' dir='ltr'><strong>satis</strong></span> <span class='ocrx_word' id='word_1_158' title='bbox 1569 2334 1616 2373; x_wconf 80' lang='lat' dir='ltr'><strong>ex·</strong></span> 
     </span>
     <span class='ocr_line' id='line_1_20' title="bbox 380 2410 1614 2498; baseline -0.002 -23"><span class='ocrx_word' id='word_1_159' title='bbox 380 2412 527 2497; x_wconf 85' lang='lat' dir='ltr'><strong>primore,</strong></span> <span class='ocrx_word' id='word_1_160' title='bbox 560 2436 631 2498; x_wconf 84' lang='lat' dir='ltr'><strong>quae</strong></span> <span class='ocrx_word' id='word_1_161' title='bbox 664 2411 765 2475; x_wconf 88' lang='lat' dir='ltr'><strong>fuerit</strong></span> <span class='ocrx_word' id='word_1_162' title='bbox 790 2411 997 2476; x_wconf 89' lang='lat' dir='ltr'><strong>consiliorum</strong></span> <span class='ocrx_word' id='word_1_163' title='bbox 1025 2410 1111 2497; x_wconf 92' lang='lat' dir='ltr'><strong>apud</strong></span> <span class='ocrx_word' id='word_1_164' title='bbox 1133 2433 1191 2474; x_wconf 89' lang='lat' dir='ltr'><strong>nos</strong></span> <span class='ocrx_word' id='word_1_165' title='bbox 1214 2424 1330 2497; x_wconf 82' lang='lat' dir='ltr'><strong>praeter</strong></span> <span class='ocrx_word' id='word_1_166' title='bbox 1352 2433 1473 2474; x_wconf 89' lang='lat' dir='ltr'><strong>morem</strong></span> <span class='ocrx_word' id='word_1_167' title='bbox 1496 2410 1614 2474; x_wconf 89' lang='lat' dir='ltr'><strong>incerti·</strong></span> 
     </span>
     <span class='ocr_line' id='line_1_21' title="bbox 379 2510 1616 2598; baseline -0.002 -22"><span class='ocrx_word' id='word_1_168' title='bbox 379 2512 468 2587; x_wconf 88' lang='lat' dir='ltr'><strong>tudo,</strong></span> <span class='ocrx_word' id='word_1_169' title='bbox 511 2537 581 2598; x_wconf 84' lang='lat' dir='ltr'><strong>quae</strong></span> <span class='ocrx_word' id='word_1_170' title='bbox 618 2513 796 2576; x_wconf 88' lang='lat' dir='ltr'><strong>animorum</strong></span> <span class='ocrx_word' id='word_1_171' title='bbox 832 2512 1002 2576; x_wconf 82' lang='lat' dir='ltr'><strong>fluctuatio</strong></span> <span class='ocrx_word' id='word_1_172' title='bbox 1039 2512 1209 2597; x_wconf 87' lang='lat' dir='ltr'><strong>praeteritis</strong></span> <span class='ocrx_word' id='word_1_173' title='bbox 1246 2510 1418 2575; x_wconf 84' lang='lat' dir='ltr'><strong>mensibus.</strong></span> <span class='ocrx_word' id='word_1_174' title='bbox 1479 2510 1616 2575; x_wconf 84' lang='lat' dir='ltr'><strong>Pericula</strong></span> 
     </span>
     <span class='ocr_line' id='line_1_22' title="bbox 379 2611 1615 2699; baseline -0.003 -23"><span class='ocrx_word' id='word_1_175' title='bbox 379 2614 564 2677; x_wconf 88' lang='lat' dir='ltr'><strong>communia</strong></span> <span class='ocrx_word' id='word_1_176' title='bbox 597 2628 631 2677; x_wconf 89' lang='lat' dir='ltr'><strong>et</strong></span> <span class='ocrx_word' id='word_1_177' title='bbox 660 2614 789 2699; x_wconf 87' lang='lat' dir='ltr'><strong>propria</strong></span> <span class='ocrx_word' id='word_1_178' title='bbox 811 2625 933 2691; x_wconf 78' lang='lat' dir='ltr'><strong>nostra3</strong></span> <span class='ocrx_word' id='word_1_179' title='bbox 960 2613 1056 2688; x_wconf 90' lang='lat' dir='ltr'><strong>salus,</strong></span> <span class='ocrx_word' id='word_1_180' title='bbox 1078 2612 1280 2677; x_wconf 83' lang='lat' dir='ltr'><strong>conservatio</strong></span> <span class='ocrx_word' id='word_1_181' title='bbox 1303 2625 1336 2676; x_wconf 91' lang='lat' dir='ltr'><strong>et</strong></span> <span class='ocrx_word' id='word_1_182' title='bbox 1358 2611 1526 2676; x_wconf 87' lang='lat' dir='ltr'><strong>restitutio</strong></span> <span class='ocrx_word' id='word_1_183' title='bbox 1549 2613 1615 2676; x_wconf 85' lang='lat' dir='ltr'><strong>ami·</strong></span> 
     </span>
     <span class='ocr_line' id='line_1_23' title="bbox 380 2711 1618 2799; baseline -0.002 -23"><span class='ocrx_word' id='word_1_184' title='bbox 380 2734 504 2793; x_wconf 87' lang='lat' dir='ltr'><strong>corum;</strong></span> <span class='ocrx_word' id='word_1_185' title='bbox 527 2713 607 2778; x_wconf 87' lang='lat' dir='ltr'><strong>facti</strong></span> <span class='ocrx_word' id='word_1_186' title='bbox 630 2737 667 2777; x_wconf 89' lang='lat' dir='ltr'><strong>eo</strong></span> <span class='ocrx_word' id='word_1_187' title='bbox 690 2715 819 2777; x_wconf 88' lang='lat' dir='ltr'><strong>nomine</strong></span> <span class='ocrx_word' id='word_1_188' title='bbox 842 2714 977 2777; x_wconf 87' lang='lat' dir='ltr'><strong>maximi</strong></span> <span class='ocrx_word' id='word_1_189' title='bbox 999 2727 1161 2799; x_wconf 89' lang='lat' dir='ltr'><strong>sumptus;</strong></span> <span class='ocrx_word' id='word_1_190' title='bbox 1184 2726 1339 2798; x_wconf 72' lang='lat' dir='ltr'><strong>susceptu</strong></span> <span class='ocrx_word' id='word_1_191' title='bbox 1360 2711 1538 2777; x_wconf 89' lang='lat' dir='ltr'><strong>amicorum</strong></span> <span class='ocrx_word' id='word_1_192' title='bbox 1554 2735 1618 2798; x_wconf 85' lang='lat' dir='ltr'><strong>spes</strong></span> 
     </span>
     <span class='ocr_line' id='line_1_24' title="bbox 379 2812 1617 2900; baseline -0.002 -22"><span class='ocrx_word' id='word_1_193' title='bbox 379 2815 419 2878; x_wconf 88' lang='lat' dir='ltr'><strong>de</strong></span> <span class='ocrx_word' id='word_1_194' title='bbox 443 2814 473 2878; x_wconf 81' lang='lat' dir='ltr'><strong>S.</strong></span> <span class='ocrx_word' id='word_1_195' title='bbox 497 2815 533 2878; x_wconf 83' lang='lat' dir='ltr'><strong>u.</strong></span> <span class='ocrx_word' id='word_1_196' title='bbox 558 2815 651 2893; x_wconf 77' lang='lat' dir='ltr'><strong>Mzte3</strong></span> <span class='ocrx_word' id='word_1_197' title='bbox 675 2827 707 2879; x_wconf 89' lang='lat' dir='ltr'><strong>et</strong></span> <span class='ocrx_word' id='word_1_198' title='bbox 729 2815 814 2900; x_wconf 91' lang='lat' dir='ltr'><strong>quod</strong></span> <span class='ocrx_word' id='word_1_199' title='bbox 837 2837 1023 2879; x_wconf 87' lang='lat' dir='ltr'><strong>communes</strong></span> <span class='ocrx_word' id='word_1_200' title='bbox 1045 2815 1153 2878; x_wconf 89' lang='lat' dir='ltr'><strong>hostes</strong></span> <span class='ocrx_word' id='word_1_201' title='bbox 1168 2814 1255 2879; x_wconf 89' lang='lat' dir='ltr'><strong>hisce</strong></span> <span class='ocrx_word' id='word_1_202' title='bbox 1271 2812 1417 2878; x_wconf 90' lang='lat' dir='ltr'><strong>consiliis</strong></span> <span class='ocrx_word' id='word_1_203' title='bbox 1433 2837 1498 2877; x_wconf 91' lang='lat' dir='ltr'><strong>non</strong></span> <span class='ocrx_word' id='word_1_204' title='bbox 1513 2836 1617 2899; x_wconf 86' lang='lat' dir='ltr'><strong>parurn</strong></span> 
     </span>
     <span class='ocr_line' id='line_1_25' title="bbox 380 2913 1618 3002; baseline -0.002 -24"><span class='ocrx_word' id='word_1_205' title='bbox 380 2914 636 2988; x_wconf 84' lang='lat' dir='ltr'><strong>offendissemus,</strong></span> <span class='ocrx_word' id='word_1_206' title='bbox 670 2930 737 2978; x_wconf 90' lang='lat' dir='ltr'><strong>tum</strong></span> <span class='ocrx_word' id='word_1_207' title='bbox 772 2939 812 2980; x_wconf 91' lang='lat' dir='ltr'><strong>ne</strong></span> <span class='ocrx_word' id='word_1_208' title='bbox 846 2916 951 2986; x_wconf 87' lang='lat' dir='ltr'><strong>amici,</strong></span> <span class='ocrx_word' id='word_1_209' title='bbox 986 2938 1092 2979; x_wconf 89' lang='lat' dir='ltr'><strong>rerum</strong></span> <span class='ocrx_word' id='word_1_210' title='bbox 1126 2938 1189 2978; x_wconf 92' lang='lat' dir='ltr'><strong>non</strong></span> <span class='ocrx_word' id='word_1_211' title='bbox 1222 2913 1352 3000; x_wconf 87' lang='lat' dir='ltr'><strong>penitus</strong></span> <span class='ocrx_word' id='word_1_212' title='bbox 1382 2916 1485 3002; x_wconf 81' lang='lat' dir='ltr'><strong>gnari,</strong></span> <span class='ocrx_word' id='word_1_213' title='bbox 1514 2914 1618 3000; x_wconf 87' lang='lat' dir='ltr'><strong>inique</strong></span> 
     </span>
     <span class='ocr_line' id='line_1_26' title="bbox 375 3014 1619 3101; baseline 0 -23"><span class='ocrx_word' id='word_1_214' title='bbox 375 3015 570 3099; x_wconf 86' lang='lat' dir='ltr'><strong>judicarent,</strong></span> <span class='ocrx_word' id='word_1_215' title='bbox 594 3031 628 3081; x_wconf 90' lang='lat' dir='ltr'><strong>et</strong></span> <span class='ocrx_word' id='word_1_216' title='bbox 649 3016 773 3080; x_wconf 90' lang='lat' dir='ltr'><strong>inimici</strong></span> <span class='ocrx_word' id='word_1_217' title='bbox 797 3040 833 3080; x_wconf 89' lang='lat' dir='ltr'><strong>aa</strong></span> <span class='ocrx_word' id='word_1_218' title='bbox 855 3016 960 3080; x_wconf 88' lang='lat' dir='ltr'><strong>invidi</strong></span> <span class='ocrx_word' id='word_1_219' title='bbox 983 3016 1109 3080; x_wconf 88' lang='lat' dir='ltr'><strong>sinistre</strong></span> <span class='ocrx_word' id='word_1_220' title='bbox 1131 3014 1334 3101; x_wconf 87' lang='lat' dir='ltr'><strong>interpretari</strong></span> <span class='ocrx_word' id='word_1_221' title='bbox 1356 3029 1498 3101; x_wconf 87' lang='lat' dir='ltr'><strong>possent,</strong></span> <span class='ocrx_word' id='word_1_222' title='bbox 1515 3015 1542 3079; x_wconf 91' lang='lat' dir='ltr'><strong>si</strong></span> <span class='ocrx_word' id='word_1_223' title='bbox 1557 3015 1619 3078; x_wconf 78' lang='lat' dir='ltr'><strong>hac</strong></span> 
     </span>
     <span class='ocr_line' id='line_1_27' title="bbox 379 3116 1618 3203; baseline -0.001 -24"><span class='ocrx_word' id='word_1_224' title='bbox 379 3117 514 3180; x_wconf 89' lang='lat' dir='ltr'><strong>consilia</strong></span> <span class='ocrx_word' id='word_1_225' title='bbox 547 3131 787 3203; x_wconf 86' lang='lat' dir='ltr'><strong>seponerentur,</strong></span> <span class='ocrx_word' id='word_1_226' title='bbox 820 3117 998 3182; x_wconf 85' lang='lat' dir='ltr'><strong>incitabant</strong></span> <span class='ocrx_word' id='word_1_227' title='bbox 1031 3117 1060 3179; x_wconf 91' lang='lat' dir='ltr'><strong>S.</strong></span> <span class='ocrx_word' id='word_1_228' title='bbox 1090 3116 1127 3180; x_wconf 82' lang='lat' dir='ltr'><strong>R.</strong></span> <span class='ocrx_word' id='word_1_229' title='bbox 1158 3117 1277 3191; x_wconf 80' lang='lat' dir='ltr'><strong>lllztem,</strong></span> <span class='ocrx_word' id='word_1_230' title='bbox 1300 3129 1337 3179; x_wconf 91' lang='lat' dir='ltr'><strong>ut</strong></span> <span class='ocrx_word' id='word_1_231' title='bbox 1357 3117 1509 3201; x_wconf 86' lang='lat' dir='ltr'><strong>progredi</strong></span> <span class='ocrx_word' id='word_1_232' title='bbox 1532 3116 1618 3179; x_wconf 84' lang='lat' dir='ltr'><strong>unice</strong></span> 
     </span>
     <span class='ocr_line' id='line_1_28' title="bbox 379 3217 1619 3304; baseline 0 -24"><span class='ocrx_word' id='word_1_233' title='bbox 379 3233 520 3303; x_wconf 90' lang='lat' dir='ltr'><strong>cuperet,</strong></span> <span class='ocrx_word' id='word_1_234' title='bbox 548 3231 580 3283; x_wconf 91' lang='lat' dir='ltr'><strong>et</strong></span> <span class='ocrx_word' id='word_1_235' title='bbox 607 3241 742 3304; x_wconf 89' lang='lat' dir='ltr'><strong>quorum</strong></span> <span class='ocrx_word' id='word_1_236' title='bbox 769 3219 879 3282; x_wconf 88' lang='lat' dir='ltr'><strong>oculos</strong></span> <span class='ocrx_word' id='word_1_237' title='bbox 906 3219 940 3282; x_wconf 92' lang='lat' dir='ltr'><strong>in</strong></span> <span class='ocrx_word' id='word_1_238' title='bbox 963 3240 996 3282; x_wconf 89' lang='lat' dir='ltr'><strong>se</strong></span> <span class='ocrx_word' id='word_1_239' title='bbox 1019 3217 1146 3282; x_wconf 80' lang='lat' dir='ltr'><strong>rideret</strong></span> <span class='ocrx_word' id='word_1_240' title='bbox 1167 3239 1347 3294; x_wconf 85' lang='lat' dir='ltr'><strong>conversos,</strong></span> <span class='ocrx_word' id='word_1_241' title='bbox 1370 3231 1407 3281; x_wconf 92' lang='lat' dir='ltr'><strong>ut</strong></span> <span class='ocrx_word' id='word_1_242' title='bbox 1429 3239 1484 3282; x_wconf 88' lang='lat' dir='ltr'><strong>eos</strong></span> <span class='ocrx_word' id='word_1_243' title='bbox 1508 3240 1565 3304; x_wconf 87' lang='lat' dir='ltr'><strong>spe</strong></span> <span class='ocrx_word' id='word_1_244' title='bbox 1587 3240 1619 3280; x_wconf 86' lang='lat' dir='ltr'><strong>ac</strong></span> 
     </span>
     <span class='ocr_line' id='line_1_29' title="bbox 379 3318 1618 3405; baseline 0 -24"><span class='ocrx_word' id='word_1_245' title='bbox 379 3332 467 3382; x_wconf 88' lang='lat' dir='ltr'><strong>metu</strong></span> <span class='ocrx_word' id='word_1_246' title='bbox 502 3342 558 3405; x_wconf 91' lang='lat' dir='ltr'><strong>pro</strong></span> <span class='ocrx_word' id='word_1_247' title='bbox 592 3320 720 3384; x_wconf 87' lang='lat' dir='ltr'><strong>diverso</strong></span> <span class='ocrx_word' id='word_1_248' title='bbox 754 3318 874 3384; x_wconf 86' lang='lat' dir='ltr'><strong>affeetu</strong></span> <span class='ocrx_word' id='word_1_249' title='bbox 907 3318 1049 3405; x_wconf 89' lang='lat' dir='ltr'><strong>ipsorum</strong></span> <span class='ocrx_word' id='word_1_250' title='bbox 1083 3318 1271 3404; x_wconf 88' lang='lat' dir='ltr'><strong>compleret.</strong></span> <span class='ocrx_word' id='word_1_251' title='bbox 1327 3320 1375 3381; x_wconf 88' lang='lat' dir='ltr'><strong>At</strong></span> <span class='ocrx_word' id='word_1_252' title='bbox 1405 3318 1534 3382; x_wconf 82' lang='lat' dir='ltr'><strong>’Dani’</strong></span> <span class='ocrx_word' id='word_1_253' title='bbox 1557 3319 1618 3401; x_wconf 87' lang='lat' dir='ltr'><strong>jam</strong></span> 
     </span>
     <span class='ocr_line' id='line_1_30' title="bbox 378 3417 1620 3507; baseline 0.001 -26"><span class='ocrx_word' id='word_1_254' title='bbox 378 3419 507 3482; x_wconf 84' lang='lat' dir='ltr'><strong>fervens</strong></span> <span class='ocrx_word' id='word_1_255' title='bbox 540 3420 655 3484; x_wconf 85' lang='lat' dir='ltr'><strong>militis</strong></span> <span class='ocrx_word' id='word_1_256' title='bbox 690 3419 918 3506; x_wconf 72' lang='lat' dir='ltr'><strong>*conscripti03</strong></span> <span class='ocrx_word' id='word_1_257' title='bbox 952 3420 1109 3484; x_wconf 77' lang='lat' dir='ltr'><strong>mutatio*</strong></span> <span class='ocrx_word' id='word_1_258' title='bbox 1144 3418 1352 3482; x_wconf 90' lang='lat' dir='ltr'><strong>consiliorum</strong></span> <span class='ocrx_word' id='word_1_259' title='bbox 1381 3417 1416 3482; x_wconf 92' lang='lat' dir='ltr'><strong>in</strong></span> <span class='ocrx_word' id='word_1_260' title='bbox 1446 3418 1620 3507; x_wconf 77' lang='lat' dir='ltr'><strong>&#39;Anglis‘3</strong></span> 
     </span>
     <span class='ocr_line' id='line_1_31' title="bbox 379 3518 1620 3607; baseline -0.001 -25"><span class='ocrx_word' id='word_1_261' title='bbox 379 3532 449 3583; x_wconf 89' lang='lat' dir='ltr'><strong>tum</strong></span> <span class='ocrx_word' id='word_1_262' title='bbox 472 3521 557 3605; x_wconf 91' lang='lat' dir='ltr'><strong>quod</strong></span> <span class='ocrx_word' id='word_1_263' title='bbox 580 3521 671 3585; x_wconf 88' lang='lat' dir='ltr'><strong>nulla</strong></span> <span class='ocrx_word' id='word_1_264' title='bbox 692 3544 764 3607; x_wconf 91' lang='lat' dir='ltr'><strong>spes</strong></span> <span class='ocrx_word' id='word_1_265' title='bbox 787 3534 871 3586; x_wconf 90' lang='lat' dir='ltr'><strong>esset</strong></span> <span class='ocrx_word' id='word_1_266' title='bbox 893 3520 1060 3585; x_wconf 92' lang='lat' dir='ltr'><strong>obtinendi</strong></span> <span class='ocrx_word' id='word_1_267' title='bbox 1084 3519 1240 3584; x_wconf 74' lang='lat' dir='ltr'><strong>*auxilii*</strong></span> <span class='ocrx_word' id='word_1_268' title='bbox 1263 3518 1453 3604; x_wconf 87' lang='lat' dir='ltr'><strong>pecuniarii,</strong></span> <span class='ocrx_word' id='word_1_269' title='bbox 1475 3520 1620 3605; x_wconf 86' lang='lat' dir='ltr'><strong>sineque</strong></span> 
     </span>
     <span class='ocr_line' id='line_1_32' title="bbox 380 3620 1622 3707; baseline -0.002 -25"><span class='ocrx_word' id='word_1_270' title='bbox 380 3620 462 3683; x_wconf 86' lang='lat' dir='ltr'><strong>nihil</strong></span> <span class='ocrx_word' id='word_1_271' title='bbox 495 3621 616 3706; x_wconf 90' lang='lat' dir='ltr'><strong>suscipi</strong></span> <span class='ocrx_word' id='word_1_272' title='bbox 651 3635 788 3707; x_wconf 82' lang='lat' dir='ltr'><strong>poterat3</strong></span> <span class='ocrx_word' id='word_1_273' title='bbox 823 3621 961 3707; x_wconf 88' lang='lat' dir='ltr'><strong>denique</strong></span> <span class='ocrx_word' id='word_1_274' title='bbox 995 3622 1079 3706; x_wconf 93' lang='lat' dir='ltr'><strong>quod</strong></span> <span class='ocrx_word' id='word_1_275' title='bbox 1115 3643 1209 3685; x_wconf 91' lang='lat' dir='ltr'><strong>omne</strong></span> <span class='ocrx_word' id='word_1_276' title='bbox 1242 3620 1390 3706; x_wconf 76' lang='lat' dir='ltr'><strong>gerendae</strong></span> <span class='ocrx_word' id='word_1_277' title='bbox 1421 3621 1469 3685; x_wconf 91' lang='lat' dir='ltr'><strong>rei</strong></span> <span class='ocrx_word' id='word_1_278' title='bbox 1500 3636 1622 3706; x_wconf 85' lang='lat' dir='ltr'><strong>tempus</strong></span> 
     </span>
     <span class='ocr_line' id='line_1_33' title="bbox 382 3720 1622 3806; baseline 0.002 -24"><span class='ocrx_word' id='word_1_279' title='bbox 382 3721 500 3784; x_wconf 85' lang='lat' dir='ltr'><strong>frustra</strong></span> <span class='ocrx_word' id='word_1_280' title='bbox 522 3721 708 3797; x_wconf 83' lang='lat' dir='ltr'><strong>elaberetur,</strong></span> <span class='ocrx_word' id='word_1_281' title='bbox 732 3736 765 3785; x_wconf 94' lang='lat' dir='ltr'><strong>et</strong></span> <span class='ocrx_word' id='word_1_282' title='bbox 787 3723 820 3786; x_wconf 93' lang='lat' dir='ltr'><strong>id</strong></span> <span class='ocrx_word' id='word_1_283' title='bbox 843 3745 947 3805; x_wconf 83' lang='lat' dir='ltr'><strong>genus</strong></span> <span class='ocrx_word' id='word_1_284' title='bbox 970 3722 1034 3786; x_wconf 89' lang='lat' dir='ltr'><strong>alia</strong></span> <span class='ocrx_word' id='word_1_285' title='bbox 1057 3745 1176 3786; x_wconf 89' lang='lat' dir='ltr'><strong>moram</strong></span> <span class='ocrx_word' id='word_1_286' title='bbox 1200 3720 1288 3785; x_wconf 91' lang='lat' dir='ltr'><strong>hisce</strong></span> <span class='ocrx_word' id='word_1_287' title='bbox 1306 3720 1450 3785; x_wconf 91' lang='lat' dir='ltr'><strong>consiliis</strong></span> <span class='ocrx_word' id='word_1_288' title='bbox 1466 3735 1502 3784; x_wconf 89' lang='lat' dir='ltr'><strong>et</strong></span> <span class='ocrx_word' id='word_1_289' title='bbox 1516 3722 1622 3806; x_wconf 85' lang='lat' dir='ltr'><strong>despe-</strong></span> 
     </span>
     <span class='ocr_line' id='line_1_34' title="bbox 380 3822 1621 3908; baseline 0.001 -24"><span class='ocrx_word' id='word_1_290' title='bbox 380 3822 535 3886; x_wconf 87' lang='lat' dir='ltr'><strong>rationem</strong></span> <span class='ocrx_word' id='word_1_291' title='bbox 563 3822 732 3908; x_wconf 90' lang='lat' dir='ltr'><strong>quicqnam</strong></span> <span class='ocrx_word' id='word_1_292' title='bbox 761 3822 822 3886; x_wconf 86' lang='lat' dir='ltr'><strong>hoc</strong></span> <span class='ocrx_word' id='word_1_293' title='bbox 850 3846 932 3886; x_wconf 92' lang='lat' dir='ltr'><strong>anno</strong></span> <span class='ocrx_word' id='word_1_294' title='bbox 955 3823 1115 3888; x_wconf 87' lang='lat' dir='ltr'><strong>efficiendi</strong></span> <span class='ocrx_word' id='word_1_295' title='bbox 1138 3822 1327 3897; x_wconf 88' lang='lat' dir='ltr'><strong>attulerunt,</strong></span> <span class='ocrx_word' id='word_1_296' title='bbox 1351 3823 1530 3907; x_wconf 84' lang='lat' dir='ltr'><strong>praesertim</strong></span> <span class='ocrx_word' id='word_1_297' title='bbox 1554 3845 1621 3886; x_wconf 89' lang='lat' dir='ltr'><strong>cum</strong></span> 
     </span>
     <span class='ocr_line' id='line_1_35' title="bbox 380 3921 1625 4011; baseline -0.001 -26"><span class='ocrx_word' id='word_1_298' title='bbox 380 3922 467 4008; x_wconf 91' lang='lat' dir='ltr'><strong>ipsus</strong></span> <span class='ocrx_word' id='word_1_299' title='bbox 492 3923 583 3987; x_wconf 77' lang='lat' dir='ltr'><strong>*Rex</strong></span> <span class='ocrx_word' id='word_1_300' title='bbox 605 3924 799 3987; x_wconf 75' lang='lat' dir='ltr'><strong>Britannia·</strong></span> <span class='ocrx_word' id='word_1_301' title='bbox 823 3947 880 4009; x_wconf 89' lang='lat' dir='ltr'><strong>per</strong></span> <span class='ocrx_word' id='word_1_302' title='bbox 904 3924 1017 3987; x_wconf 77' lang='lat' dir='ltr'><strong>*suum</strong></span> <span class='ocrx_word' id='word_1_303' title='bbox 1040 3923 1205 4011; x_wconf 73' lang='lat' dir='ltr'><strong>legatum*</strong></span> <span class='ocrx_word' id='word_1_304' title='bbox 1229 3946 1292 3986; x_wconf 93' lang='lat' dir='ltr'><strong>non</strong></span> <span class='ocrx_word' id='word_1_305' title='bbox 1316 3921 1452 3986; x_wconf 90' lang='lat' dir='ltr'><strong>obscure</strong></span> <span class='ocrx_word' id='word_1_306' title='bbox 1475 3922 1545 3988; x_wconf 82' lang='lat' dir='ltr'><strong>haec</strong></span> <span class='ocrx_word' id='word_1_307' title='bbox 1560 3924 1625 4009; x_wconf 86' lang='lat' dir='ltr'><strong>ipsa</strong></span> 
     </span>
     <span class='ocr_line' id='line_1_36' title="bbox 380 4023 1623 4110; baseline 0.001 -25"><span class='ocrx_word' id='word_1_308' title='bbox 380 4023 587 4110; x_wconf 85' lang='lat' dir='ltr'><strong>significaret,</strong></span> <span class='ocrx_word' id='word_1_309' title='bbox 620 4039 653 4089; x_wconf 86' lang='lat' dir='ltr'><strong>et</strong></span> <span class='ocrx_word' id='word_1_310' title='bbox 687 4025 777 4089; x_wconf 82' lang='lat' dir='ltr'><strong>*Rex</strong></span> <span class='ocrx_word' id='word_1_311' title='bbox 811 4025 941 4088; x_wconf 72' lang='lat' dir='ltr'><strong>Daniae*</strong></span> <span class='ocrx_word' id='word_1_312' title='bbox 968 4047 1121 4110; x_wconf 86' lang='lat' dir='ltr'><strong>responso</strong></span> <span class='ocrx_word' id='word_1_313' title='bbox 1144 4023 1183 4087; x_wconf 92' lang='lat' dir='ltr'><strong>ad</strong></span> <span class='ocrx_word' id='word_1_314' title='bbox 1206 4037 1371 4109; x_wconf 89' lang='lat' dir='ltr'><strong>acceptam</strong></span> <span class='ocrx_word' id='word_1_315' title='bbox 1397 4023 1521 4110; x_wconf 77' lang='lat' dir='ltr'><strong>*Regis</strong></span> <span class='ocrx_word' id='word_1_316' title='bbox 1543 4024 1623 4087; x_wconf 74' lang='lat' dir='ltr'><strong>mci*</strong></span> 
     </span>
     <span class='ocr_line' id='line_1_37' title="bbox 380 4122 1624 4210; baseline -0.001 -24"><span class='ocrx_word' id='word_1_317' title='bbox 380 4124 608 4189; x_wconf 87' lang='lat' dir='ltr'><strong>resolutionem</strong></span> <span class='ocrx_word' id='word_1_318' title='bbox 636 4126 747 4190; x_wconf 88' lang='lat' dir='ltr'><strong>eadem</strong></span> <span class='ocrx_word' id='word_1_319' title='bbox 775 4126 932 4190; x_wconf 87' lang='lat' dir='ltr'><strong>innueret.</strong></span> <span class='ocrx_word' id='word_1_320' title='bbox 981 4131 1078 4189; x_wconf 87' lang='lat' dir='ltr'><strong>Anno</strong></span> <span class='ocrx_word' id='word_1_321' title='bbox 1101 4124 1211 4210; x_wconf 85' lang='lat' dir='ltr'><strong>itaque</strong></span> <span class='ocrx_word' id='word_1_322' title='bbox 1234 4123 1391 4209; x_wconf 87' lang='lat' dir='ltr'><strong>paulatim</strong></span> <span class='ocrx_word' id='word_1_323' title='bbox 1413 4122 1558 4201; x_wconf 85' lang='lat' dir='ltr'><strong>labente,</strong></span> <span class='ocrx_word' id='word_1_324' title='bbox 1580 4124 1624 4185; x_wconf 89' lang='lat' dir='ltr'><strong>iu·</strong></span> 
     </span>
     <span class='ocr_line' id='line_1_38' title="bbox 381 4223 1625 4311; baseline -0.001 -24"><span class='ocrx_word' id='word_1_325' title='bbox 381 4224 484 4288; x_wconf 90' lang='lat' dir='ltr'><strong>duciis</strong></span> <span class='ocrx_word' id='word_1_326' title='bbox 518 4248 591 4289; x_wconf 90' lang='lat' dir='ltr'><strong>cum</strong></span> <span class='ocrx_word' id='word_1_327' title='bbox 625 4226 750 4290; x_wconf 92' lang='lat' dir='ltr'><strong>Polono</strong></span> <span class='ocrx_word' id='word_1_328' title='bbox 782 4226 1031 4311; x_wconf 85' lang='lat' dir='ltr'><strong>exspirantibus,</strong></span> <span class='ocrx_word' id='word_1_329' title='bbox 1059 4248 1154 4303; x_wconf 87' lang='lat' dir='ltr'><strong>arma,</strong></span> <span class='ocrx_word' id='word_1_330' title='bbox 1183 4248 1253 4311; x_wconf 86' lang='lat' dir='ltr'><strong>quae</strong></span> <span class='ocrx_word' id='word_1_331' title='bbox 1275 4225 1399 4309; x_wconf 87' lang='lat' dir='ltr'><strong>agitata</strong></span> <span class='ocrx_word' id='word_1_332' title='bbox 1419 4223 1555 4289; x_wconf 86' lang='lat' dir='ltr'><strong>fuerant</strong></span> <span class='ocrx_word' id='word_1_333' title='bbox 1575 4224 1625 4288; x_wconf 84' lang='lat' dir='ltr'><strong>ad-</strong></span> 
     </span>
     <span class='ocr_line' id='line_1_39' title="bbox 381 4324 1623 4413; baseline 0.001 -27"><span class='ocrx_word' id='word_1_334' title='bbox 381 4347 490 4389; x_wconf 79' lang='lat' dir='ltr'><strong>versus</strong></span> <span class='ocrx_word' id='word_1_335' title='bbox 523 4349 707 4391; x_wconf 88' lang='lat' dir='ltr'><strong>communes</strong></span> <span class='ocrx_word' id='word_1_336' title='bbox 741 4326 857 4403; x_wconf 88' lang='lat' dir='ltr'><strong>hostes,</strong></span> <span class='ocrx_word' id='word_1_337' title='bbox 892 4340 1077 4392; x_wconf 72' lang='lat' dir='ltr'><strong>convertere</strong></span> <span class='ocrx_word' id='word_1_338' title='bbox 1104 4326 1248 4413; x_wconf 89' lang='lat' dir='ltr'><strong>oportuit</strong></span> <span class='ocrx_word' id='word_1_339' title='bbox 1273 4325 1308 4388; x_wconf 94' lang='lat' dir='ltr'><strong>in</strong></span> <span class='ocrx_word' id='word_1_340' title='bbox 1335 4324 1451 4388; x_wconf 87' lang='lat' dir='ltr'><strong>horum</strong></span> <span class='ocrx_word' id='word_1_341' title='bbox 1475 4327 1623 4399; x_wconf 86' lang='lat' dir='ltr'><strong>amicum,</strong></span> 
     </span>
     <span class='ocr_line' id='line_1_40' title="bbox 382 4425 1625 4503; baseline -0.002 -14"><span class='ocrx_word' id='word_1_342' title='bbox 382 4425 505 4489; x_wconf 90' lang='lat' dir='ltr'><strong>hostem</strong></span> <span class='ocrx_word' id='word_1_343' title='bbox 533 4441 688 4503; x_wconf 88' lang='lat' dir='ltr'><strong>nostrum,</strong></span> <span class='ocrx_word' id='word_1_344' title='bbox 711 4441 779 4492; x_wconf 90' lang='lat' dir='ltr'><strong>turn</strong></span> <span class='ocrx_word' id='word_1_345' title='bbox 804 4444 840 4493; x_wconf 91' lang='lat' dir='ltr'><strong>nt</strong></span> <span class='ocrx_word' id='word_1_346' title='bbox 862 4428 955 4492; x_wconf 89' lang='lat' dir='ltr'><strong>illum</strong></span> <span class='ocrx_word' id='word_1_347' title='bbox 977 4427 1211 4493; x_wconf 88' lang='lat' dir='ltr'><strong>retraheremus</strong></span> <span class='ocrx_word' id='word_1_348' title='bbox 1234 4426 1273 4491; x_wconf 92' lang='lat' dir='ltr'><strong>ab</strong></span> <span class='ocrx_word' id='word_1_349' title='bbox 1296 4426 1491 4491; x_wconf 76' lang='lat' dir='ltr'><strong>insectandis</strong></span> <span class='ocrx_word' id='word_1_350' title='bbox 1516 4426 1625 4491; x_wconf 87' lang='lat' dir='ltr'><strong>amicis</strong></span> 
     </span>
     <span class='ocr_line' id='line_1_41' title="bbox 381 4527 1626 4606; baseline 0 -18"><span class='ocrx_word' id='word_1_351' title='bbox 381 4527 498 4590; x_wconf 89' lang='lat' dir='ltr'><strong>nostris</strong></span> <span class='ocrx_word' id='word_1_352' title='bbox 531 4541 563 4591; x_wconf 90' lang='lat' dir='ltr'><strong>et</strong></span> <span class='ocrx_word' id='word_1_353' title='bbox 596 4527 731 4593; x_wconf 85' lang='lat' dir='ltr'><strong>ferendo</strong></span> <span class='ocrx_word' id='word_1_354' title='bbox 764 4528 903 4593; x_wconf 88' lang='lat' dir='ltr'><strong>inimicis</strong></span> <span class='ocrx_word' id='word_1_355' title='bbox 932 4528 1066 4606; x_wconf 84' lang='lat' dir='ltr'><strong>auxilio,</strong></span> <span class='ocrx_word' id='word_1_356' title='bbox 1090 4544 1157 4593; x_wconf 89' lang='lat' dir='ltr'><strong>tum</strong></span> <span class='ocrx_word' id='word_1_357' title='bbox 1179 4527 1341 4604; x_wconf 89' lang='lat' dir='ltr'><strong>utillum,</strong></span> <span class='ocrx_word' id='word_1_358' title='bbox 1365 4527 1390 4590; x_wconf 89' lang='lat' dir='ltr'><strong>si</strong></span> <span class='ocrx_word' id='word_1_359' title='bbox 1416 4527 1483 4592; x_wconf 87' lang='lat' dir='ltr'><strong>fata</strong></span> <span class='ocrx_word' id='word_1_360' title='bbox 1507 4529 1626 4601; x_wconf 87' lang='lat' dir='ltr'><strong>sinunt,</strong></span> 
     </span>
    </p>
   </div>
   <div class='ocr_carea' id='block_1_3' title="bbox 381 4617 581 4625">
    <p class='ocr_par' dir='ltr' id='par_1_4' title="bbox 381 4617 581 4625">
     <span class='ocr_line' id='line_1_42' title="bbox 381 4617 581 4625; baseline 0.01 -2"><span class='ocrx_word' id='word_1_361' title='bbox 381 4617 581 4625; x_wconf 79' lang='lat'><strong>—————</strong></span> 
     </span>
    </p>
   </div>
   <div class='ocr_carea' id='block_1_4' title="bbox 467 4647 1355 4714">
    <p class='ocr_par' dir='ltr' id='par_1_5' title="bbox 467 4647 1355 4714">
     <span class='ocr_line' id='line_1_43' title="bbox 467 4647 1355 4714; baseline -0.001 -17"><span class='ocrx_word' id='word_1_362' title='bbox 467 4647 485 4705; x_wconf 85' lang='lat'><strong>¹)</strong></span> <span class='ocrx_word' id='word_1_363' title='bbox 505 4649 537 4697; x_wconf 85' lang='lat' dir='ltr'><strong>Se</strong></span> <span class='ocrx_word' id='word_1_364' title='bbox 557 4650 640 4699; x_wconf 84' lang='lat' dir='ltr'><strong>olran</strong></span> <span class='ocrx_word' id='word_1_365' title='bbox 658 4650 708 4699; x_wconf 80' lang='lat' dir='ltr'><strong>N÷o</strong></span> <span class='ocrx_word' id='word_1_366' title='bbox 727 4654 767 4707; x_wconf 73' lang='lat'><strong>21,</strong></span> <span class='ocrx_word' id='word_1_367' title='bbox 786 4657 817 4699; x_wconf 89' lang='grc'><strong>44</strong></span> <span class='ocrx_word' id='word_1_368' title='bbox 836 4651 887 4699; x_wconf 87' lang='lat' dir='ltr'><strong>och</strong></span> <span class='ocrx_word' id='word_1_369' title='bbox 906 4656 950 4709; x_wconf 85' lang='grc'><strong>49;</strong></span> <span class='ocrx_word' id='word_1_370' title='bbox 968 4651 1006 4714; x_wconf 75' lang='lat' dir='ltr'><strong>jn</strong></span> <span class='ocrx_word' id='word_1_371' title='bbox 1024 4653 1106 4700; x_wconf 65' lang='lat' dir='ltr'><strong>niven</strong></span> <span class='ocrx_word' id='word_1_372' title='bbox 1123 4652 1174 4700; x_wconf 86' lang='lat' dir='ltr'><strong>sld.</strong></span> <span class='ocrx_word' id='word_1_373' title='bbox 1193 4654 1226 4699; x_wconf 84' lang='lat'><strong>40</strong></span> <span class='ocrx_word' id='word_1_374' title='bbox 1244 4650 1296 4700; x_wconf 89' lang='lat' dir='ltr'><strong>och</strong></span> <span class='ocrx_word' id='word_1_375' title='bbox 1316 4654 1355 4698; x_wconf 86' lang='lat'><strong>96.</strong></span> 
     </span>
    </p>
   </div>
   <div class='ocr_carea' id='block_1_5' title="bbox 0 0 1673 5362">
    <p class='ocr_par' dir='ltr' id='par_1_6' title="bbox 0 0 1673 5362">
     <span class='ocr_line' id='line_1_44' title="bbox 0 0 1673 5362; baseline 0 0"><span class='ocrx_word' id='word_1_376' title='bbox 0 0 1673 5362; x_wconf 95' lang='lat' dir='ltr'><strong> </strong></span> 
     </span>
    </p>
   </div>
  </div>
 </body>
</html>
