<?xml version="1.0" encoding="UTF-8"?>
<!DOCTYPE html PUBLIC "-//W3C//DTD XHTML 1.0 Transitional//EN"
    "http://www.w3.org/TR/xhtml1/DTD/xhtml1-transitional.dtd">
<html xmlns="http://www.w3.org/1999/xhtml" xml:lang="en" lang="en">
 <head>
  <title>
</title>
<meta http-equiv="Content-Type" content="text/html;charset=utf-8" />
  <meta name='ocr-system' content='tesseract 3.04.00' />
  <meta name='ocr-capabilities' content='ocr_page ocr_carea ocr_par ocr_line ocrx_word'/>
</head>
<body>
  <div class='ocr_page' id='page_1' title='image "./rikskanslerenax00akadgoog_0318.png"; bbox 0 0 3244 5334; ppageno 0'>
   <div class='ocr_carea' id='block_1_1' title="bbox 346 422 407 487">
    <p class='ocr_par' dir='ltr' id='par_1_1' title="bbox 346 422 407 487">
     <span class='ocr_line' id='line_1_1' title="bbox 346 422 407 487; baseline -0.016 0"><span class='ocrx_word' id='word_1_1' title='bbox 346 422 407 487; x_wconf 77' lang='lat'>284</span> 
     </span>
    </p>
   </div>
   <div class='ocr_carea' id='block_1_2' title="bbox 303 714 1552 886">
    <p class='ocr_par' dir='ltr' id='par_1_2' title="bbox 303 714 1552 886">
     <span class='ocr_line' id='line_1_2' title="bbox 303 714 1552 784; baseline 0.002 -15"><span class='ocrx_word' id='word_1_2' title='bbox 303 717 376 771; x_wconf 77' lang='lat'>146.</span> <span class='ocrx_word' id='word_1_3' title='bbox 420 715 629 772; x_wconf 78' lang='lat' dir='ltr'>Recolntton</span> <span class='ocrx_word' id='word_1_4' title='bbox 660 715 715 772; x_wconf 74' lang='lat' dir='ltr'>ror</span> <span class='ocrx_word' id='word_1_5' title='bbox 747 716 808 771; x_wconf 85' lang='lat' dir='ltr'>dat</span> <span class='ocrx_word' id='word_1_6' title='bbox 839 715 1056 770; x_wconf 81' lang='lat' dir='ltr'>kurlttndska</span> <span class='ocrx_word' id='word_1_7' title='bbox 1086 715 1312 780; x_wconf 69' lang='lat' dir='ltr'>sandebndct,</span> <span class='ocrx_word' id='word_1_8' title='bbox 1339 715 1392 770; x_wconf 83' lang='lat' dir='ltr'>du·</span> <span class='ocrx_word' id='word_1_9' title='bbox 1418 714 1552 784; x_wconf 79' lang='lat' dir='ltr'>caspar</span> 
     </span>
     <span class='ocr_line' id='line_1_3' title="bbox 418 814 1550 886; baseline 0.001 -16"><span class='ocrx_word' id='word_1_10' title='bbox 418 816 597 886; x_wconf 74' lang='lat' dir='ltr'>Dreyling.</span> <span class='ocrx_word' id='word_1_11' title='bbox 1049 814 1204 871; x_wconf 87' lang='lat' dir='ltr'>Wolmar</span> <span class='ocrx_word' id='word_1_12' title='bbox 1226 816 1260 870; x_wconf 89' lang='lat' dir='ltr'>d.</span> <span class='ocrx_word' id='word_1_13' title='bbox 1283 817 1327 871; x_wconf 81' lang='lat'>28</span> <span class='ocrx_word' id='word_1_14' title='bbox 1350 816 1431 872; x_wconf 89' lang='lat' dir='ltr'>Deo.</span> <span class='ocrx_word' id='word_1_15' title='bbox 1455 818 1550 871; x_wconf 80' lang='lat' dir='ltr'>reat.</span> 
     </span>
    </p>
   </div>
   <div class='ocr_carea' id='block_1_3' title="bbox 304 1029 1552 1430">
    <p class='ocr_par' dir='ltr' id='par_1_3' title="bbox 304 1029 1552 1347">
     <span class='ocr_line' id='line_1_4' title="bbox 304 1029 1552 1094; baseline 0.002 -18"><span class='ocrx_word' id='word_1_16' title='bbox 304 1029 487 1080; x_wconf 75' lang='lat' dir='ltr'>Polackarnes</span> <span class='ocrx_word' id='word_1_17' title='bbox 506 1031 700 1094; x_wconf 72' lang='lat' dir='ltr'>upptradaude</span> <span class='ocrx_word' id='word_1_18' title='bbox 718 1045 783 1080; x_wconf 88' lang='lat' dir='ltr'>vore</span> <span class='ocrx_word' id='word_1_19' title='bbox 803 1031 885 1079; x_wconf 85' lang='lat' dir='ltr'>skuld</span> <span class='ocrx_word' id='word_1_20' title='bbox 903 1031 947 1079; x_wconf 86' lang='lat' dir='ltr'>till</span> <span class='ocrx_word' id='word_1_21' title='bbox 965 1032 1067 1094; x_wconf 76' lang='lat' dir='ltr'>kriget3</span> <span class='ocrx_word' id='word_1_22' title='bbox 1087 1032 1117 1079; x_wconf 79' lang='lat' dir='ltr'>af</span> <span class='ocrx_word' id='word_1_23' title='bbox 1133 1031 1242 1092; x_wconf 82' lang='lat' dir='ltr'>bansyn</span> <span class='ocrx_word' id='word_1_24' title='bbox 1258 1032 1304 1079; x_wconf 73' lang='lat' dir='ltr'>fer</span> <span class='ocrx_word' id='word_1_25' title='bbox 1317 1030 1366 1079; x_wconf 87' lang='lat' dir='ltr'>det</span> <span class='ocrx_word' id='word_1_26' title='bbox 1376 1030 1552 1080; x_wconf 67' lang='lat' dir='ltr'>turlandska</span> 
     </span>
     <span class='ocr_line' id='line_1_5' title="bbox 387 1113 1550 1178; baseline 0.001 -17"><span class='ocrx_word' id='word_1_27' title='bbox 387 1113 557 1165; x_wconf 80' lang='lat' dir='ltr'>turstenuset</span> <span class='ocrx_word' id='word_1_28' title='bbox 575 1116 641 1165; x_wconf 82' lang='lat' dir='ltr'>ville</span> <span class='ocrx_word' id='word_1_29' title='bbox 660 1115 730 1165; x_wconf 82' lang='lat' dir='ltr'>dock</span> <span class='ocrx_word' id='word_1_30' title='bbox 749 1115 895 1178; x_wconf 74' lang='lat' dir='ltr'>konuogen</span> <span class='ocrx_word' id='word_1_31' title='bbox 915 1115 950 1177; x_wconf 74' lang='lat' dir='ltr'>pa</span> <span class='ocrx_word' id='word_1_32' title='bbox 968 1117 1040 1164; x_wconf 80' lang='lat' dir='ltr'>vissa</span> <span class='ocrx_word' id='word_1_33' title='bbox 1058 1115 1160 1164; x_wconf 83' lang='lat' dir='ltr'>rillkor</span> <span class='ocrx_word' id='word_1_34' title='bbox 1177 1114 1280 1178; x_wconf 82' lang='lat' dir='ltr'>bevilja</span> <span class='ocrx_word' id='word_1_35' title='bbox 1300 1113 1425 1164; x_wconf 86' lang='lat' dir='ltr'>Karland</span> <span class='ocrx_word' id='word_1_36' title='bbox 1439 1120 1550 1163; x_wconf 83' lang='lat' dir='ltr'>neutra·</span> 
     </span>
     <span class='ocr_line' id='line_1_6' title="bbox 387 1197 1552 1262; baseline 0.003 -18"><span class='ocrx_word' id='word_1_37' title='bbox 387 1197 459 1257; x_wconf 89' lang='lat' dir='ltr'>litet,</span> <span class='ocrx_word' id='word_1_38' title='bbox 485 1200 529 1248; x_wconf 80' lang='lat' dir='ltr'>tor</span> <span class='ocrx_word' id='word_1_39' title='bbox 555 1199 586 1248; x_wconf 77' lang='lat' dir='ltr'>sa</span> <span class='ocrx_word' id='word_1_40' title='bbox 612 1199 673 1248; x_wconf 80' lang='lat' dir='ltr'>vldt</span> <span class='ocrx_word' id='word_1_41' title='bbox 698 1199 780 1249; x_wconf 86' lang='lat' dir='ltr'>dessa</span> <span class='ocrx_word' id='word_1_42' title='bbox 803 1200 904 1248; x_wconf 83' lang='lat' dir='ltr'>vlllkor</span> <span class='ocrx_word' id='word_1_43' title='bbox 922 1199 1014 1248; x_wconf 79' lang='lat' dir='ltr'>bletre</span> <span class='ocrx_word' id='word_1_44' title='bbox 1033 1199 1062 1247; x_wconf 75' lang='lat' dir='ltr'>at</span> <span class='ocrx_word' id='word_1_45' title='bbox 1081 1198 1134 1248; x_wconf 92' lang='lat' dir='ltr'>den</span> <span class='ocrx_word' id='word_1_46' title='bbox 1152 1199 1250 1262; x_wconf 86' lang='lat' dir='ltr'>polske</span> <span class='ocrx_word' id='word_1_47' title='bbox 1268 1199 1419 1262; x_wconf 80' lang='lat' dir='ltr'>konuugen</span> <span class='ocrx_word' id='word_1_48' title='bbox 1438 1199 1491 1248; x_wconf 90' lang='lat' dir='ltr'>och</span> <span class='ocrx_word' id='word_1_49' title='bbox 1510 1212 1552 1247; x_wconf 88' lang='lat' dir='ltr'>ra·</span> 
     </span>
     <span class='ocr_line' id='line_1_7' title="bbox 387 1282 907 1347; baseline 0 -18"><span class='ocrx_word' id='word_1_50' title='bbox 387 1282 520 1343; x_wconf 84' lang='lat' dir='ltr'>publiken</span> <span class='ocrx_word' id='word_1_51' title='bbox 539 1284 575 1346; x_wconf 75' lang='lat' dir='ltr'>pt</span> <span class='ocrx_word' id='word_1_52' title='bbox 593 1283 707 1347; x_wconf 77' lang='lat' dir='ltr'>riksdag</span> <span class='ocrx_word' id='word_1_53' title='bbox 724 1284 907 1333; x_wconf 84' lang='lat' dir='ltr'>ratificeradc.</span> 
     </span>
    </p>

    <p class='ocr_par' dir='ltr' id='par_1_4' title="bbox 472 1366 1049 1430">
     <span class='ocr_line' id='line_1_8' title="bbox 472 1366 1049 1430; baseline -0.002 -16"><span class='ocrx_word' id='word_1_54' title='bbox 472 1367 580 1428; x_wconf 77' lang='lat' dir='ltr'>Bilaga:</span> <span class='ocrx_word' id='word_1_55' title='bbox 600 1366 706 1430; x_wconf 76' lang='lat' dir='ltr'>sjartva</span> <span class='ocrx_word' id='word_1_56' title='bbox 723 1366 1049 1416; x_wconf 79' lang='lat' dir='ltr'>neutralitetsvlllkoren.</span> 
     </span>
    </p>
   </div>
   <div class='ocr_carea' id='block_1_4' title="bbox 298 1495 1550 4705">
    <p class='ocr_par' dir='ltr' id='par_1_5' title="bbox 500 1495 1550 2087">
     <span class='ocr_line' id='line_1_9' title="bbox 590 1495 764 1572; baseline 0 -12"><span class='ocrx_word' id='word_1_57' title='bbox 590 1495 764 1572; x_wconf 84' lang='lat' dir='ltr'>Resolutio,</span> 
     </span>
     <span class='ocr_line' id='line_1_10' title="bbox 500 1597 1550 1681; baseline 0.001 -21"><span class='ocrx_word' id='word_1_58' title='bbox 500 1599 592 1681; x_wconf 87' lang='lat' dir='ltr'>jussu</span> <span class='ocrx_word' id='word_1_59' title='bbox 621 1597 651 1660; x_wconf 81' lang='lat' dir='ltr'>S.</span> <span class='ocrx_word' id='word_1_60' title='bbox 680 1598 716 1660; x_wconf 87' lang='lat' dir='ltr'>R.</span> <span class='ocrx_word' id='word_1_61' title='bbox 747 1598 834 1660; x_wconf 78' lang='lat' dir='ltr'>llztis</span> <span class='ocrx_word' id='word_1_62' title='bbox 856 1597 923 1660; x_wconf 82' lang='lat' dir='ltr'>dmi</span> <span class='ocrx_word' id='word_1_63' title='bbox 947 1597 1010 1661; x_wconf 88' lang='lat' dir='ltr'>mei</span> <span class='ocrx_word' id='word_1_64' title='bbox 1033 1597 1277 1662; x_wconf 86' lang='lat' dir='ltr'>clementissimi</span> <span class='ocrx_word' id='word_1_65' title='bbox 1300 1599 1376 1661; x_wconf 89' lang='lat' dir='ltr'>data</span> <span class='ocrx_word' id='word_1_66' title='bbox 1398 1597 1550 1662; x_wconf 90' lang='lat' dir='ltr'>illustris-</span> 
     </span>
     <span class='ocr_line' id='line_1_11' title="bbox 504 1697 1549 1784; baseline 0 -23"><span class='ocrx_word' id='word_1_67' title='bbox 504 1698 576 1762; x_wconf 86' lang='lat' dir='ltr'>simi</span> <span class='ocrx_word' id='word_1_68' title='bbox 600 1698 755 1784; x_wconf 87' lang='lat' dir='ltr'>principis</span> <span class='ocrx_word' id='word_1_69' title='bbox 778 1697 843 1763; x_wconf 84' lang='lat' dir='ltr'>dmi</span> <span class='ocrx_word' id='word_1_70' title='bbox 867 1697 1033 1774; x_wconf 84' lang='lat' dir='ltr'>Friden’ci,</span> <span class='ocrx_word' id='word_1_71' title='bbox 1057 1697 1089 1760; x_wconf 91' lang='lat' dir='ltr'>in</span> <span class='ocrx_word' id='word_1_72' title='bbox 1114 1698 1260 1776; x_wconf 85' lang='lat' dir='ltr'>Livonia,</span> <span class='ocrx_word' id='word_1_73' title='bbox 1284 1697 1491 1761; x_wconf 83' lang='lat' dir='ltr'>Churlandiae</span> <span class='ocrx_word' id='word_1_74' title='bbox 1512 1722 1549 1761; x_wconf 87' lang='lat' dir='ltr'>ac</span> 
     </span>
     <span class='ocr_line' id='line_1_12' title="bbox 504 1798 1549 1885; baseline -0.003 -23"><span class='ocrx_word' id='word_1_75' title='bbox 504 1798 699 1883; x_wconf 82' lang='lat' dir='ltr'>Semigalliae</span> <span class='ocrx_word' id='word_1_76' title='bbox 722 1798 822 1876; x_wconf 92' lang='lat' dir='ltr'>ducis,</span> <span class='ocrx_word' id='word_1_77' title='bbox 845 1799 953 1885; x_wconf 88' lang='lat' dir='ltr'>legato</span> <span class='ocrx_word' id='word_1_78' title='bbox 970 1821 1007 1862; x_wconf 89' lang='lat' dir='ltr'>ac</span> <span class='ocrx_word' id='word_1_79' title='bbox 1024 1798 1187 1862; x_wconf 78' lang='lat' dir='ltr'>secretiori</span> <span class='ocrx_word' id='word_1_80' title='bbox 1204 1820 1337 1862; x_wconf 71' lang='lat' dir='ltr'>camerae</span> <span class='ocrx_word' id='word_1_81' title='bbox 1352 1799 1549 1874; x_wconf 87' lang='lat' dir='ltr'>consiliario,</span> 
     </span>
     <span class='ocr_line' id='line_1_13' title="bbox 505 1898 1548 1986; baseline 0 -24"><span class='ocrx_word' id='word_1_82' title='bbox 505 1900 607 1964; x_wconf 89' lang='lat' dir='ltr'>nobili</span> <span class='ocrx_word' id='word_1_83' title='bbox 640 1914 673 1964; x_wconf 90' lang='lat' dir='ltr'>et</span> <span class='ocrx_word' id='word_1_84' title='bbox 705 1899 880 1963; x_wconf 84' lang='lat' dir='ltr'>excellenti</span> <span class='ocrx_word' id='word_1_85' title='bbox 914 1899 982 1962; x_wconf 85' lang='lat' dir='ltr'>viro</span> <span class='ocrx_word' id='word_1_86' title='bbox 1015 1899 1090 1962; x_wconf 77' lang='lat' dir='ltr'>dzno</span> <span class='ocrx_word' id='word_1_87' title='bbox 1124 1898 1263 1984; x_wconf 91' lang='lat' dir='ltr'>Casparc</span> <span class='ocrx_word' id='word_1_88' title='bbox 1298 1898 1480 1986; x_wconf 81' lang='lat' dir='ltr'>Drelingio,</span> <span class='ocrx_word' id='word_1_89' title='bbox 1509 1900 1548 1962; x_wconf 88' lang='lat' dir='ltr'>ad</span> 
     </span>
     <span class='ocr_line' id='line_1_14' title="bbox 505 1998 1350 2087; baseline -0.004 -22"><span class='ocrx_word' id='word_1_90' title='bbox 505 2002 654 2065; x_wconf 87' lang='lat' dir='ltr'>mandata</span> <span class='ocrx_word' id='word_1_91' title='bbox 677 2023 773 2086; x_wconf 93' lang='lat' dir='ltr'>super</span> <span class='ocrx_word' id='word_1_92' title='bbox 795 2000 930 2087; x_wconf 88' lang='lat' dir='ltr'>negocio</span> <span class='ocrx_word' id='word_1_93' title='bbox 953 1999 1168 2063; x_wconf 79' lang='lat' dir='ltr'>neutralitatis</span> <span class='ocrx_word' id='word_1_94' title='bbox 1192 1998 1350 2086; x_wconf 88' lang='lat' dir='ltr'>exposita.</span> 
     </span>
    </p>

    <p class='ocr_par' dir='ltr' id='par_1_6' title="bbox 302 2099 1550 3093">
     <span class='ocr_line' id='line_1_15' title="bbox 387 2099 1549 2187; baseline 0.001 -24"><span class='ocrx_word' id='word_1_95' title='bbox 387 2100 468 2164; x_wconf 85' lang='lat' dir='ltr'>Cum</span> <span class='ocrx_word' id='word_1_96' title='bbox 504 2125 545 2165; x_wconf 87' lang='lat' dir='ltr'>ex</span> <span class='ocrx_word' id='word_1_97' title='bbox 578 2101 682 2165; x_wconf 86' lang='lat' dir='ltr'>relatu</span> <span class='ocrx_word' id='word_1_98' title='bbox 716 2124 787 2165; x_wconf 89' lang='lat' dir='ltr'>meo</span> <span class='ocrx_word' id='word_1_99' title='bbox 820 2100 987 2187; x_wconf 79' lang='lat' dir='ltr'>ipsiusque</span> <span class='ocrx_word' id='word_1_100' title='bbox 1021 2100 1120 2187; x_wconf 87' lang='lat' dir='ltr'>legati</span> <span class='ocrx_word' id='word_1_101' title='bbox 1155 2100 1263 2164; x_wconf 89' lang='lat' dir='ltr'>oblato</span> <span class='ocrx_word' id='word_1_102' title='bbox 1296 2099 1418 2185; x_wconf 87' lang='lat' dir='ltr'>scripto</span> <span class='ocrx_word' id='word_1_103' title='bbox 1450 2100 1482 2163; x_wconf 83' lang='lat' dir='ltr'>S.</span> <span class='ocrx_word' id='word_1_104' title='bbox 1511 2100 1549 2164; x_wconf 88' lang='lat' dir='ltr'>R.</span> 
     </span>
     <span class='ocr_line' id='line_1_16' title="bbox 303 2200 1550 2288; baseline 0.001 -24"><span class='ocrx_word' id='word_1_105' title='bbox 303 2202 397 2265; x_wconf 80' lang='lat' dir='ltr'>Mztas</span> <span class='ocrx_word' id='word_1_106' title='bbox 430 2202 524 2265; x_wconf 80' lang='lat' dir='ltr'>dznus</span> <span class='ocrx_word' id='word_1_107' title='bbox 557 2225 646 2266; x_wconf 87' lang='lat' dir='ltr'>meus</span> <span class='ocrx_word' id='word_1_108' title='bbox 679 2202 948 2265; x_wconf 90' lang='lat' dir='ltr'>clementissimus</span> <span class='ocrx_word' id='word_1_109' title='bbox 982 2201 1169 2288; x_wconf 90' lang='lat' dir='ltr'>accepisset,</span> <span class='ocrx_word' id='word_1_110' title='bbox 1203 2224 1236 2264; x_wconf 90' lang='lat' dir='ltr'>se</span> <span class='ocrx_word' id='word_1_111' title='bbox 1265 2200 1304 2265; x_wconf 92' lang='lat' dir='ltr'>ab</span> <span class='ocrx_word' id='word_1_112' title='bbox 1330 2200 1550 2265; x_wconf 84' lang='lat' dir='ltr'>illustrissimo</span> 
     </span>
     <span class='ocr_line' id='line_1_17' title="bbox 303 2301 1550 2388; baseline 0.002 -22"><span class='ocrx_word' id='word_1_113' title='bbox 303 2303 395 2366; x_wconf 87' lang='lat' dir='ltr'>Duce</span> <span class='ocrx_word' id='word_1_114' title='bbox 423 2302 626 2367; x_wconf 81' lang='lat' dir='ltr'>Churlandiae</span> <span class='ocrx_word' id='word_1_115' title='bbox 653 2302 795 2378; x_wconf 84' lang='lat' dir='ltr'>salutari,</span> <span class='ocrx_word' id='word_1_116' title='bbox 814 2303 912 2386; x_wconf 86' lang='lat' dir='ltr'>jussit</span> <span class='ocrx_word' id='word_1_117' title='bbox 935 2301 1187 2388; x_wconf 87' lang='lat' dir='ltr'>lllust[ritatem]</span> <span class='ocrx_word' id='word_1_118' title='bbox 1209 2302 1311 2388; x_wconf 90' lang='lat' dir='ltr'>ipsius</span> <span class='ocrx_word' id='word_1_119' title='bbox 1334 2301 1478 2367; x_wconf 80' lang='lat' dir='ltr'>vicissim</span> <span class='ocrx_word' id='word_1_120' title='bbox 1502 2327 1550 2368; x_wconf 91' lang='lat' dir='ltr'>re·</span> 
     </span>
     <span class='ocr_line' id='line_1_18' title="bbox 302 2402 1549 2489; baseline 0.001 -22"><span class='ocrx_word' id='word_1_121' title='bbox 302 2403 445 2480; x_wconf 87' lang='lat' dir='ltr'>solutari,</span> <span class='ocrx_word' id='word_1_122' title='bbox 479 2404 592 2489; x_wconf 92' lang='lat' dir='ltr'>suique</span> <span class='ocrx_word' id='word_1_123' title='bbox 626 2403 743 2467; x_wconf 79' lang='lat' dir='ltr'>suroris</span> <span class='ocrx_word' id='word_1_124' title='bbox 777 2427 813 2467; x_wconf 89' lang='lat' dir='ltr'>ac</span> <span class='ocrx_word' id='word_1_125' title='bbox 847 2402 1218 2480; x_wconf 85' lang='lat' dir='ltr'>benevolentiaestudia,</span> <span class='ocrx_word' id='word_1_126' title='bbox 1242 2402 1457 2489; x_wconf 90' lang='lat' dir='ltr'>inquantum</span> <span class='ocrx_word' id='word_1_127' title='bbox 1481 2404 1549 2468; x_wconf 77' lang='lat' dir='ltr'>haec</span> 
     </span>
     <span class='ocr_line' id='line_1_19' title="bbox 303 2502 1548 2592; baseline 0.001 -25"><span class='ocrx_word' id='word_1_128' title='bbox 303 2519 449 2590; x_wconf 87' lang='lat' dir='ltr'>tempora</span> <span class='ocrx_word' id='word_1_129' title='bbox 471 2505 649 2590; x_wconf 90' lang='lat' dir='ltr'>patiuntur,</span> <span class='ocrx_word' id='word_1_130' title='bbox 672 2503 806 2583; x_wconf 72' lang='lat' dir='ltr'>deferri,</span> <span class='ocrx_word' id='word_1_131' title='bbox 829 2526 901 2568; x_wconf 90' lang='lat' dir='ltr'>cum</span> <span class='ocrx_word' id='word_1_132' title='bbox 925 2502 984 2568; x_wconf 87' lang='lat' dir='ltr'>hac</span> <span class='ocrx_word' id='word_1_133' title='bbox 1008 2504 1154 2567; x_wconf 83' lang='lat' dir='ltr'>uberiore</span> <span class='ocrx_word' id='word_1_134' title='bbox 1175 2504 1402 2584; x_wconf 69' lang='lat' dir='ltr'>declaratione,</span> <span class='ocrx_word' id='word_1_135' title='bbox 1423 2520 1548 2592; x_wconf 82' lang='lat' dir='ltr'>gratam</span> 
     </span>
     <span class='ocr_line' id='line_1_20' title="bbox 302 2604 1550 2691; baseline 0.001 -23"><span class='ocrx_word' id='word_1_136' title='bbox 302 2605 363 2668; x_wconf 93' lang='lat' dir='ltr'>sibi</span> <span class='ocrx_word' id='word_1_137' title='bbox 390 2627 458 2669; x_wconf 89' lang='lat' dir='ltr'>esse</span> <span class='ocrx_word' id='word_1_138' title='bbox 482 2605 597 2668; x_wconf 88' lang='lat' dir='ltr'>bonam</span> <span class='ocrx_word' id='word_1_139' title='bbox 620 2605 714 2668; x_wconf 80' lang='lat' dir='ltr'>lllztis</span> <span class='ocrx_word' id='word_1_140' title='bbox 737 2605 839 2691; x_wconf 90' lang='lat' dir='ltr'>ipsius</span> <span class='ocrx_word' id='word_1_141' title='bbox 862 2604 1080 2668; x_wconf 84' lang='lat' dir='ltr'>valetudinem</span> <span class='ocrx_word' id='word_1_142' title='bbox 1104 2628 1151 2681; x_wconf 90' lang='lat' dir='ltr'>ac,</span> <span class='ocrx_word' id='word_1_143' title='bbox 1174 2605 1201 2669; x_wconf 91' lang='lat' dir='ltr'>si</span> <span class='ocrx_word' id='word_1_144' title='bbox 1225 2629 1289 2691; x_wconf 81' lang='lat' dir='ltr'>pax</span> <span class='ocrx_word' id='word_1_145' title='bbox 1312 2618 1344 2669; x_wconf 89' lang='lat' dir='ltr'>et</span> <span class='ocrx_word' id='word_1_146' title='bbox 1365 2605 1550 2691; x_wconf 91' lang='lat' dir='ltr'>tranquilli·</span> 
     </span>
     <span class='ocr_line' id='line_1_21' title="bbox 303 2705 1548 2791; baseline -0.002 -21"><span class='ocrx_word' id='word_1_147' title='bbox 303 2720 351 2770; x_wconf 89' lang='lat' dir='ltr'>tas</span> <span class='ocrx_word' id='word_1_148' title='bbox 373 2707 458 2770; x_wconf 90' lang='lat' dir='ltr'>inter</span> <span class='ocrx_word' id='word_1_149' title='bbox 480 2706 546 2770; x_wconf 87' lang='lat' dir='ltr'>haec</span> <span class='ocrx_word' id='word_1_150' title='bbox 569 2706 634 2768; x_wconf 91' lang='lat' dir='ltr'>duo</span> <span class='ocrx_word' id='word_1_151' title='bbox 657 2729 756 2791; x_wconf 87' lang='lat' dir='ltr'>regna</span> <span class='ocrx_word' id='word_1_152' title='bbox 778 2705 900 2768; x_wconf 83' lang='lat' dir='ltr'>Sueciae</span> <span class='ocrx_word' id='word_1_153' title='bbox 921 2729 957 2769; x_wconf 89' lang='lat' dir='ltr'>ac</span> <span class='ocrx_word' id='word_1_154' title='bbox 981 2706 1119 2771; x_wconf 82' lang='lat' dir='ltr'>Poloniae</span> <span class='ocrx_word' id='word_1_155' title='bbox 1135 2706 1313 2771; x_wconf 81' lang='lat' dir='ltr'>coalescere</span> <span class='ocrx_word' id='word_1_156' title='bbox 1329 2719 1448 2790; x_wconf 88' lang='lat' dir='ltr'>posset,</span> <span class='ocrx_word' id='word_1_157' title='bbox 1465 2705 1548 2769; x_wconf 91' lang='lat' dir='ltr'>nihil</span> 
     </span>
     <span class='ocr_line' id='line_1_22' title="bbox 303 2805 1547 2893; baseline -0.002 -23"><span class='ocrx_word' id='word_1_158' title='bbox 303 2808 364 2870; x_wconf 90' lang='lat' dir='ltr'>sibi</span> <span class='ocrx_word' id='word_1_159' title='bbox 391 2806 514 2893; x_wconf 84' lang='lat' dir='ltr'>gratius</span> <span class='ocrx_word' id='word_1_160' title='bbox 537 2806 694 2881; x_wconf 88' lang='lat' dir='ltr'>futurum,</span> <span class='ocrx_word' id='word_1_161' title='bbox 717 2829 813 2893; x_wconf 88' lang='lat' dir='ltr'>quam</span> <span class='ocrx_word' id='word_1_162' title='bbox 835 2820 873 2869; x_wconf 91' lang='lat' dir='ltr'>ut</span> <span class='ocrx_word' id='word_1_163' title='bbox 895 2805 997 2870; x_wconf 79' lang='lat' dir='ltr'>lllztas</span> <span class='ocrx_word' id='word_1_164' title='bbox 1020 2808 1121 2892; x_wconf 91' lang='lat' dir='ltr'>ipsius</span> <span class='ocrx_word' id='word_1_165' title='bbox 1144 2806 1238 2872; x_wconf 89' lang='lat' dir='ltr'>rebus</span> <span class='ocrx_word' id='word_1_166' title='bbox 1260 2807 1324 2870; x_wconf 94' lang='lat' dir='ltr'>suis</span> <span class='ocrx_word' id='word_1_167' title='bbox 1347 2820 1461 2891; x_wconf 89' lang='lat' dir='ltr'>pacate</span> <span class='ocrx_word' id='word_1_168' title='bbox 1482 2805 1547 2869; x_wconf 86' lang='lat' dir='ltr'>frui</span> 
     </span>
     <span class='ocr_line' id='line_1_23' title="bbox 304 2906 1548 2972; baseline 0.001 -2"><span class='ocrx_word' id='word_1_169' title='bbox 304 2930 339 2971; x_wconf 88' lang='lat' dir='ltr'>ac</span> <span class='ocrx_word' id='word_1_170' title='bbox 374 2906 506 2970; x_wconf 86' lang='lat' dir='ltr'>Ducalis</span> <span class='ocrx_word' id='word_1_171' title='bbox 539 2907 654 2971; x_wconf 89' lang='lat' dir='ltr'>domus</span> <span class='ocrx_word' id='word_1_172' title='bbox 687 2907 903 2971; x_wconf 85' lang='lat' dir='ltr'>Churlandica</span> <span class='ocrx_word' id='word_1_173' title='bbox 935 2907 1115 2971; x_wconf 91' lang='lat' dir='ltr'>diutissime</span> <span class='ocrx_word' id='word_1_174' title='bbox 1143 2908 1232 2972; x_wconf 91' lang='lat' dir='ltr'>hisce</span> <span class='ocrx_word' id='word_1_175' title='bbox 1258 2906 1291 2970; x_wconf 91' lang='lat' dir='ltr'>in</span> <span class='ocrx_word' id='word_1_176' title='bbox 1316 2906 1409 2971; x_wconf 89' lang='lat' dir='ltr'>terris</span> <span class='ocrx_word' id='word_1_177' title='bbox 1432 2906 1548 2971; x_wconf 88' lang='lat' dir='ltr'>florere</span> 
     </span>
     <span class='ocr_line' id='line_1_24' title="bbox 304 3008 415 3093; baseline -0.027 -22"><span class='ocrx_word' id='word_1_178' title='bbox 304 3008 415 3093; x_wconf 89' lang='lat' dir='ltr'>possit.</span> 
     </span>
    </p>

    <p class='ocr_par' dir='ltr' id='par_1_7' title="bbox 298 3107 1550 4504">
     <span class='ocr_line' id='line_1_25' title="bbox 386 3107 1550 3195; baseline -0.001 -24"><span class='ocrx_word' id='word_1_179' title='bbox 386 3108 477 3187; x_wconf 85' lang='lat' dir='ltr'>Quod</span> <span class='ocrx_word' id='word_1_180' title='bbox 501 3110 618 3173; x_wconf 89' lang='lat' dir='ltr'>attinet</span> <span class='ocrx_word' id='word_1_181' title='bbox 639 3109 744 3195; x_wconf 90' lang='lat' dir='ltr'>ipsum</span> <span class='ocrx_word' id='word_1_182' title='bbox 767 3108 939 3195; x_wconf 82' lang='lat' dir='ltr'>legationis</span> <span class='ocrx_word' id='word_1_183' title='bbox 962 3108 1100 3195; x_wconf 84' lang='lat' dir='ltr'>capitale</span> <span class='ocrx_word' id='word_1_184' title='bbox 1123 3109 1292 3194; x_wconf 81' lang='lat' dir='ltr'>negocium</span> <span class='ocrx_word' id='word_1_185' title='bbox 1315 3107 1355 3170; x_wconf 91' lang='lat' dir='ltr'>de</span> <span class='ocrx_word' id='word_1_186' title='bbox 1371 3108 1550 3171; x_wconf 88' lang='lat' dir='ltr'>obtinendo</span> 
     </span>
     <span class='ocr_line' id='line_1_26' title="bbox 298 3207 1548 3296; baseline -0.002 -23"><span class='ocrx_word' id='word_1_187' title='bbox 298 3212 370 3294; x_wconf 88' lang='lat' dir='ltr'>jure</span> <span class='ocrx_word' id='word_1_188' title='bbox 393 3209 618 3287; x_wconf 81' lang='lat' dir='ltr'>neutralitatis,</span> <span class='ocrx_word' id='word_1_189' title='bbox 642 3210 727 3296; x_wconf 91' lang='lat' dir='ltr'>quod</span> <span class='ocrx_word' id='word_1_190' title='bbox 751 3210 843 3274; x_wconf 84' lang='lat' dir='ltr'>dmus</span> <span class='ocrx_word' id='word_1_191' title='bbox 867 3211 993 3296; x_wconf 82' lang='lat' dir='ltr'>legatus</span> <span class='ocrx_word' id='word_1_192' title='bbox 1016 3210 1161 3274; x_wconf 82' lang='lat' dir='ltr'>adductis</span> <span class='ocrx_word' id='word_1_193' title='bbox 1181 3208 1379 3295; x_wconf 84' lang='lat' dir='ltr'>argumentis</span> <span class='ocrx_word' id='word_1_194' title='bbox 1399 3207 1548 3294; x_wconf 87' lang='lat' dir='ltr'>plurimis</span> 
     </span>
     <span class='ocr_line' id='line_1_27' title="bbox 302 3309 1548 3396; baseline -0.002 -23"><span class='ocrx_word' id='word_1_195' title='bbox 302 3323 371 3373; x_wconf 90' lang='lat' dir='ltr'>tum</span> <span class='ocrx_word' id='word_1_196' title='bbox 395 3311 434 3374; x_wconf 92' lang='lat' dir='ltr'>ab</span> <span class='ocrx_word' id='word_1_197' title='bbox 456 3310 643 3374; x_wconf 87' lang='lat' dir='ltr'>innocentia</span> <span class='ocrx_word' id='word_1_198' title='bbox 666 3310 825 3396; x_wconf 90' lang='lat' dir='ltr'>Principis</span> <span class='ocrx_word' id='word_1_199' title='bbox 849 3310 908 3387; x_wconf 88' lang='lat' dir='ltr'>sui,</span> <span class='ocrx_word' id='word_1_200' title='bbox 931 3326 1000 3374; x_wconf 91' lang='lat' dir='ltr'>tum</span> <span class='ocrx_word' id='word_1_201' title='bbox 1023 3333 1066 3374; x_wconf 84' lang='lat' dir='ltr'>ex</span> <span class='ocrx_word' id='word_1_202' title='bbox 1085 3309 1261 3373; x_wconf 90' lang='lat' dir='ltr'>commodis</span> <span class='ocrx_word' id='word_1_203' title='bbox 1278 3309 1353 3374; x_wconf 91' lang='lat' dir='ltr'>inde</span> <span class='ocrx_word' id='word_1_204' title='bbox 1369 3309 1548 3374; x_wconf 90' lang='lat' dir='ltr'>emananti·</span> 
     </span>
     <span class='ocr_line' id='line_1_28' title="bbox 303 3410 1547 3497; baseline -0.002 -22"><span class='ocrx_word' id='word_1_205' title='bbox 303 3412 360 3475; x_wconf 89' lang='lat' dir='ltr'>bus</span> <span class='ocrx_word' id='word_1_206' title='bbox 394 3412 537 3475; x_wconf 88' lang='lat' dir='ltr'>studiose</span> <span class='ocrx_word' id='word_1_207' title='bbox 565 3412 655 3488; x_wconf 87' lang='lat' dir='ltr'>ursit,</span> <span class='ocrx_word' id='word_1_208' title='bbox 681 3410 715 3474; x_wconf 92' lang='lat' dir='ltr'>in</span> <span class='ocrx_word' id='word_1_209' title='bbox 743 3434 782 3474; x_wconf 89' lang='lat' dir='ltr'>co</span> <span class='ocrx_word' id='word_1_210' title='bbox 804 3434 867 3474; x_wconf 89' lang='lat' dir='ltr'>non</span> <span class='ocrx_word' id='word_1_211' title='bbox 891 3433 1020 3495; x_wconf 92' lang='lat' dir='ltr'>possum</span> <span class='ocrx_word' id='word_1_212' title='bbox 1043 3435 1106 3474; x_wconf 90' lang='lat' dir='ltr'>non</span> <span class='ocrx_word' id='word_1_213' title='bbox 1130 3411 1233 3497; x_wconf 89' lang='lat' dir='ltr'>primo</span> <span class='ocrx_word' id='word_1_214' title='bbox 1256 3411 1326 3474; x_wconf 90' lang='lat' dir='ltr'>loco</span> <span class='ocrx_word' id='word_1_215' title='bbox 1349 3410 1492 3474; x_wconf 76' lang='lat' dir='ltr'>breviter</span> <span class='ocrx_word' id='word_1_216' title='bbox 1514 3411 1547 3473; x_wconf 92' lang='lat' dir='ltr'>in</span> 
     </span>
     <span class='ocr_line' id='line_1_29' title="bbox 303 3511 1547 3597; baseline -0.002 -22"><span class='ocrx_word' id='word_1_217' title='bbox 303 3511 490 3576; x_wconf 89' lang='lat' dir='ltr'>memoriam</span> <span class='ocrx_word' id='word_1_218' title='bbox 528 3535 676 3576; x_wconf 80' lang='lat' dir='ltr'>revocare</span> <span class='ocrx_word' id='word_1_219' title='bbox 713 3513 787 3576; x_wconf 80' lang='lat' dir='ltr'>dzno</span> <span class='ocrx_word' id='word_1_220' title='bbox 825 3511 943 3597; x_wconf 84' lang='lat' dir='ltr'>legato,</span> <span class='ocrx_word' id='word_1_221' title='bbox 980 3535 1050 3597; x_wconf 85' lang='lat' dir='ltr'>quae</span> <span class='ocrx_word' id='word_1_222' title='bbox 1086 3533 1191 3574; x_wconf 87' lang='lat' dir='ltr'>coram</span> <span class='ocrx_word' id='word_1_223' title='bbox 1226 3511 1356 3575; x_wconf 89' lang='lat' dir='ltr'>uberius</span> <span class='ocrx_word' id='word_1_224' title='bbox 1388 3511 1547 3597; x_wconf 81' lang='lat' dir='ltr'>explicui,</span> 
     </span>
     <span class='ocr_line' id='line_1_30' title="bbox 302 3611 1545 3697; baseline 0 -23"><span class='ocrx_word' id='word_1_225' title='bbox 302 3635 406 3697; x_wconf 89' lang='lat' dir='ltr'>neque</span> <span class='ocrx_word' id='word_1_226' title='bbox 439 3612 500 3675; x_wconf 92' lang='lat' dir='ltr'>hoc</span> <span class='ocrx_word' id='word_1_227' title='bbox 534 3635 637 3697; x_wconf 90' lang='lat' dir='ltr'>neque</span> <span class='ocrx_word' id='word_1_228' title='bbox 671 3612 826 3675; x_wconf 87' lang='lat' dir='ltr'>accedens</span> <span class='ocrx_word' id='word_1_229' title='bbox 860 3612 979 3676; x_wconf 90' lang='lat' dir='ltr'>bellum</span> <span class='ocrx_word' id='word_1_230' title='bbox 1013 3628 1122 3675; x_wconf 90' lang='lat' dir='ltr'>nostro</span> <span class='ocrx_word' id='word_1_231' title='bbox 1149 3611 1243 3684; x_wconf 88' lang='lat' dir='ltr'>vicio,</span> <span class='ocrx_word' id='word_1_232' title='bbox 1271 3612 1326 3675; x_wconf 89' lang='lat' dir='ltr'>sed</span> <span class='ocrx_word' id='word_1_233' title='bbox 1350 3612 1545 3675; x_wconf 89' lang='lat' dir='ltr'>Polonorum</span> 
     </span>
     <span class='ocr_line' id='line_1_31' title="bbox 302 3710 1547 3799; baseline -0.002 -23"><span class='ocrx_word' id='word_1_234' title='bbox 302 3713 407 3798; x_wconf 91' lang='lat' dir='ltr'>culpa,</span> <span class='ocrx_word' id='word_1_235' title='bbox 441 3713 495 3799; x_wconf 87' lang='lat' dir='ltr'>qui</span> <span class='ocrx_word' id='word_1_236' title='bbox 528 3712 626 3776; x_wconf 90' lang='lat' dir='ltr'>nullis</span> <span class='ocrx_word' id='word_1_237' title='bbox 652 3713 760 3796; x_wconf 87' lang='lat' dir='ltr'>justis,</span> <span class='ocrx_word' id='word_1_238' title='bbox 788 3712 842 3776; x_wconf 92' lang='lat' dir='ltr'>sed</span> <span class='ocrx_word' id='word_1_239' title='bbox 866 3712 1037 3776; x_wconf 87' lang='lat' dir='ltr'>artificiose</span> <span class='ocrx_word' id='word_1_240' title='bbox 1060 3710 1253 3796; x_wconf 79' lang='lat' dir='ltr'>excogitatis</span> <span class='ocrx_word' id='word_1_241' title='bbox 1276 3712 1466 3776; x_wconf 86' lang='lat' dir='ltr'>tractatibus</span> <span class='ocrx_word' id='word_1_242' title='bbox 1488 3733 1547 3775; x_wconf 91' lang='lat' dir='ltr'>nos</span> 
     </span>
     <span class='ocr_line' id='line_1_32' title="bbox 301 3811 1545 3899; baseline -0.002 -22"><span class='ocrx_word' id='word_1_243' title='bbox 301 3814 589 3878; x_wconf 86' lang='lat' dir='ltr'>circumduxerunt</span> <span class='ocrx_word' id='word_1_244' title='bbox 616 3825 712 3899; x_wconf 87' lang='lat' dir='ltr'>atque</span> <span class='ocrx_word' id='word_1_245' title='bbox 738 3815 771 3877; x_wconf 92' lang='lat' dir='ltr'>in</span> <span class='ocrx_word' id='word_1_246' title='bbox 796 3827 953 3899; x_wconf 90' lang='lat' dir='ltr'>perpetua</span> <span class='ocrx_word' id='word_1_247' title='bbox 974 3812 1205 3876; x_wconf 88' lang='lat' dir='ltr'>incertitudine</span> <span class='ocrx_word' id='word_1_248' title='bbox 1229 3825 1337 3876; x_wconf 89' lang='lat' dir='ltr'>tenere</span> <span class='ocrx_word' id='word_1_249' title='bbox 1360 3811 1545 3887; x_wconf 89' lang='lat' dir='ltr'>voluerunt,</span> 
     </span>
     <span class='ocr_line' id='line_1_33' title="bbox 301 3913 1546 4000; baseline -0.002 -22"><span class='ocrx_word' id='word_1_250' title='bbox 301 3914 488 3989; x_wconf 87' lang='lat' dir='ltr'>excitatum,</span> <span class='ocrx_word' id='word_1_251' title='bbox 522 3915 605 3999; x_wconf 92' lang='lat' dir='ltr'>quod</span> <span class='ocrx_word' id='word_1_252' title='bbox 633 3913 686 3978; x_wconf 92' lang='lat' dir='ltr'>hic</span> <span class='ocrx_word' id='word_1_253' title='bbox 713 3929 858 4000; x_wconf 88' lang='lat' dir='ltr'>repetere</span> <span class='ocrx_word' id='word_1_254' title='bbox 887 3928 920 3978; x_wconf 90' lang='lat' dir='ltr'>et</span> <span class='ocrx_word' id='word_1_255' title='bbox 946 3913 1104 3977; x_wconf 89' lang='lat' dir='ltr'>deducere</span> <span class='ocrx_word' id='word_1_256' title='bbox 1127 3935 1185 3976; x_wconf 91' lang='lat' dir='ltr'>nec</span> <span class='ocrx_word' id='word_1_257' title='bbox 1209 3936 1291 3999; x_wconf 89' lang='lat' dir='ltr'>opus</span> <span class='ocrx_word' id='word_1_258' title='bbox 1313 3926 1371 3987; x_wconf 82' lang='lat' dir='ltr'>cst,</span> <span class='ocrx_word' id='word_1_259' title='bbox 1394 3936 1470 3977; x_wconf 92' lang='lat' dir='ltr'>cum</span> <span class='ocrx_word' id='word_1_260' title='bbox 1493 3935 1546 3976; x_wconf 69' lang='lat' dir='ltr'>saa</span> 
     </span>
     <span class='ocr_line' id='line_1_34' title="bbox 301 4013 1545 4102; baseline -0.001 -24"><span class='ocrx_word' id='word_1_261' title='bbox 301 4015 375 4102; x_wconf 93' lang='lat' dir='ltr'>pius</span> <span class='ocrx_word' id='word_1_262' title='bbox 408 4014 542 4078; x_wconf 89' lang='lat' dir='ltr'>antchac</span> <span class='ocrx_word' id='word_1_263' title='bbox 569 4015 611 4079; x_wconf 87' lang='lat' dir='ltr'>sit</span> <span class='ocrx_word' id='word_1_264' title='bbox 632 4016 754 4079; x_wconf 89' lang='lat' dir='ltr'>factum</span> <span class='ocrx_word' id='word_1_265' title='bbox 777 4028 810 4078; x_wconf 88' lang='lat' dir='ltr'>et</span> <span class='ocrx_word' id='word_1_266' title='bbox 834 4038 891 4100; x_wconf 92' lang='lat' dir='ltr'>per</span> <span class='ocrx_word' id='word_1_267' title='bbox 913 4038 946 4078; x_wconf 85' lang='lat' dir='ltr'>sc</span> <span class='ocrx_word' id='word_1_268' title='bbox 968 4014 1064 4077; x_wconf 91' lang='lat' dir='ltr'>nimis</span> <span class='ocrx_word' id='word_1_269' title='bbox 1087 4014 1220 4100; x_wconf 87' lang='lat' dir='ltr'>longum</span> <span class='ocrx_word' id='word_1_270' title='bbox 1243 4015 1337 4077; x_wconf 88' lang='lat' dir='ltr'>foret.</span> <span class='ocrx_word' id='word_1_271' title='bbox 1381 4013 1545 4100; x_wconf 79' lang='lat' dir='ltr'>Quicquid</span> 
     </span>
     <span class='ocr_line' id='line_1_35' title="bbox 302 4114 1548 4202; baseline 0.001 -25"><span class='ocrx_word' id='word_1_272' title='bbox 302 4115 404 4202; x_wconf 84' lang='lat' dir='ltr'>igitur</span> <span class='ocrx_word' id='word_1_273' title='bbox 436 4114 555 4179; x_wconf 83' lang='lat' dir='ltr'>exinde</span> <span class='ocrx_word' id='word_1_274' title='bbox 588 4115 783 4179; x_wconf 90' lang='lat' dir='ltr'>incommodi</span> <span class='ocrx_word' id='word_1_275' title='bbox 816 4115 1065 4201; x_wconf 87' lang='lat' dir='ltr'>detrimentique</span> <span class='ocrx_word' id='word_1_276' title='bbox 1093 4115 1219 4200; x_wconf 89' lang='lat' dir='ltr'>accepit</span> <span class='ocrx_word' id='word_1_277' title='bbox 1241 4115 1342 4179; x_wconf 77' lang='lat' dir='ltr'>Illztas</span> <span class='ocrx_word' id='word_1_278' title='bbox 1364 4116 1468 4201; x_wconf 89' lang='lat' dir='ltr'>ipsius</span> <span class='ocrx_word' id='word_1_279' title='bbox 1492 4130 1548 4179; x_wconf 92' lang='lat' dir='ltr'>aut</span> 
     </span>
     <span class='ocr_line' id='line_1_36' title="bbox 302 4215 1546 4303; baseline -0.002 -24"><span class='ocrx_word' id='word_1_280' title='bbox 302 4217 468 4302; x_wconf 90' lang='lat' dir='ltr'>quisquam</span> <span class='ocrx_word' id='word_1_281' title='bbox 504 4215 585 4278; x_wconf 89' lang='lat' dir='ltr'>alius</span> <span class='ocrx_word' id='word_1_282' title='bbox 618 4239 681 4280; x_wconf 94' lang='lat' dir='ltr'>non</span> <span class='ocrx_word' id='word_1_283' title='bbox 716 4216 839 4280; x_wconf 89' lang='lat' dir='ltr'>alienus</span> <span class='ocrx_word' id='word_1_284' title='bbox 873 4240 891 4280; x_wconf 90' lang='lat' dir='ltr'>a</span> <span class='ocrx_word' id='word_1_285' title='bbox 920 4216 1034 4279; x_wconf 90' lang='lat' dir='ltr'>studiis</span> <span class='ocrx_word' id='word_1_286' title='bbox 1057 4217 1154 4301; x_wconf 87' lang='lat' dir='ltr'>pacis,</span> <span class='ocrx_word' id='word_1_287' title='bbox 1177 4216 1210 4280; x_wconf 92' lang='lat' dir='ltr'>id</span> <span class='ocrx_word' id='word_1_288' title='bbox 1234 4216 1316 4303; x_wconf 86' lang='lat' dir='ltr'>Regi</span> <span class='ocrx_word' id='word_1_289' title='bbox 1339 4239 1397 4280; x_wconf 90' lang='lat' dir='ltr'>suc</span> <span class='ocrx_word' id='word_1_290' title='bbox 1421 4215 1546 4302; x_wconf 87' lang='lat' dir='ltr'>Reique</span> 
     </span>
     <span class='ocr_line' id='line_1_37' title="bbox 303 4316 1545 4402; baseline -0.001 -23"><span class='ocrx_word' id='word_1_291' title='bbox 303 4316 439 4401; x_wconf 88' lang='lat' dir='ltr'>publicae</span> <span class='ocrx_word' id='word_1_292' title='bbox 462 4316 601 4394; x_wconf 87' lang='lat' dir='ltr'>Polonae,</span> <span class='ocrx_word' id='word_1_293' title='bbox 625 4340 687 4381; x_wconf 89' lang='lat' dir='ltr'>non</span> <span class='ocrx_word' id='word_1_294' title='bbox 712 4316 742 4381; x_wconf 91' lang='lat' dir='ltr'>S.</span> <span class='ocrx_word' id='word_1_295' title='bbox 766 4318 803 4381; x_wconf 78' lang='lat' dir='ltr'>R.</span> <span class='ocrx_word' id='word_1_296' title='bbox 828 4317 899 4380; x_wconf 72' lang='lat' dir='ltr'>Mai</span> <span class='ocrx_word' id='word_1_297' title='bbox 922 4316 1089 4381; x_wconf 88' lang='lat' dir='ltr'>adscribat.</span> <span class='ocrx_word' id='word_1_298' title='bbox 1114 4330 1210 4402; x_wconf 90' lang='lat' dir='ltr'>atque</span> <span class='ocrx_word' id='word_1_299' title='bbox 1234 4318 1273 4381; x_wconf 95' lang='lat' dir='ltr'>de</span> <span class='ocrx_word' id='word_1_300' title='bbox 1296 4339 1426 4380; x_wconf 90' lang='lat' dir='ltr'>sucrum</span> <span class='ocrx_word' id='word_1_301' title='bbox 1448 4316 1545 4379; x_wconf 87' lang='lat' dir='ltr'>vafris</span> 
     </span>
     <span class='ocr_line' id='line_1_38' title="bbox 304 4416 669 4504; baseline 0 -25"><span class='ocrx_word' id='word_1_302' title='bbox 304 4416 424 4480; x_wconf 89' lang='lat' dir='ltr'>artibus</span> <span class='ocrx_word' id='word_1_303' title='bbox 446 4431 669 4504; x_wconf 89' lang='lat' dir='ltr'>conqueratur.</span> 
     </span>
    </p>

    <p class='ocr_par' dir='ltr' id='par_1_8' title="bbox 303 4516 1544 4705">
     <span class='ocr_line' id='line_1_39' title="bbox 387 4516 1544 4603; baseline -0.002 -23"><span class='ocrx_word' id='word_1_304' title='bbox 387 4517 417 4581; x_wconf 90' lang='lat' dir='ltr'>ls</span> <span class='ocrx_word' id='word_1_305' title='bbox 440 4541 514 4583; x_wconf 88' lang='lat' dir='ltr'>sane</span> <span class='ocrx_word' id='word_1_306' title='bbox 539 4541 666 4603; x_wconf 88' lang='lat' dir='ltr'>semper</span> <span class='ocrx_word' id='word_1_307' title='bbox 688 4518 718 4581; x_wconf 88' lang='lat' dir='ltr'>S.</span> <span class='ocrx_word' id='word_1_308' title='bbox 740 4520 775 4582; x_wconf 82' lang='lat' dir='ltr'>R.</span> <span class='ocrx_word' id='word_1_309' title='bbox 793 4518 882 4582; x_wconf 80' lang='lat' dir='ltr'>Mztis</span> <span class='ocrx_word' id='word_1_310' title='bbox 899 4519 1034 4582; x_wconf 87' lang='lat' dir='ltr'>affectus</span> <span class='ocrx_word' id='word_1_311' title='bbox 1050 4519 1115 4582; x_wconf 86' lang='lat' dir='ltr'>fuit</span> <span class='ocrx_word' id='word_1_312' title='bbox 1129 4542 1192 4581; x_wconf 88' lang='lat' dir='ltr'>non</span> <span class='ocrx_word' id='word_1_313' title='bbox 1210 4516 1353 4582; x_wconf 87' lang='lat' dir='ltr'>modain</span> <span class='ocrx_word' id='word_1_314' title='bbox 1369 4517 1544 4581; x_wconf 89' lang='lat' dir='ltr'>illustrissi-</span> 
     </span>
     <span class='ocr_line' id='line_1_40' title="bbox 303 4618 1544 4705; baseline -0.002 -24"><span class='ocrx_word' id='word_1_315' title='bbox 303 4640 386 4681; x_wconf 90' lang='lat' dir='ltr'>mam</span> <span class='ocrx_word' id='word_1_316' title='bbox 421 4618 626 4683; x_wconf 85' lang='lat' dir='ltr'>Churlandiae</span> <span class='ocrx_word' id='word_1_317' title='bbox 659 4619 800 4696; x_wconf 89' lang='lat' dir='ltr'>domum,</span> <span class='ocrx_word' id='word_1_318' title='bbox 836 4620 890 4683; x_wconf 90' lang='lat' dir='ltr'>sed</span> <span class='ocrx_word' id='word_1_319' title='bbox 924 4633 955 4683; x_wconf 90' lang='lat' dir='ltr'>ct</span> <span class='ocrx_word' id='word_1_320' title='bbox 989 4621 1075 4705; x_wconf 87' lang='lat' dir='ltr'>ipsos</span> <span class='ocrx_word' id='word_1_321' title='bbox 1105 4618 1241 4683; x_wconf 90' lang='lat' dir='ltr'>Ordines</span> <span class='ocrx_word' id='word_1_322' title='bbox 1265 4618 1377 4705; x_wconf 83' lang='lat' dir='ltr'>Magni</span> <span class='ocrx_word' id='word_1_323' title='bbox 1402 4619 1544 4683; x_wconf 88' lang='lat' dir='ltr'>Ducatus</span> 
     </span>
    </p>
   </div>
   <div class='ocr_carea' id='block_1_5' title="bbox 0 0 1626 5334">
    <p class='ocr_par' dir='ltr' id='par_1_9' title="bbox 0 0 1626 5334">
     <span class='ocr_line' id='line_1_41' title="bbox 0 0 1626 5334; baseline 0 0"><span class='ocrx_word' id='word_1_324' title='bbox 0 0 1626 5334; x_wconf 95' lang='lat' dir='ltr'> </span> 
     </span>
    </p>
   </div>
  </div>
 </body>
</html>
