3248 5328
1227 482 1289 546 405

87 653 281 717 necessitate
307 651 435 736 injecta,
458 649 603 736 praevisis
626 649 724 713 etiam
747 673 789 715 ex
810 650 961 713 Borussia
983 649 1228 715 imminentibus
1251 649 1333 734 peri·

88 754 176 829 culis,
211 766 246 816 et
278 751 417 838 cognitis
447 750 590 815 consiliis
618 749 761 814 hostium
781 749 887 814 indies
910 751 1051 838 agitatis,
1073 750 1164 814 nulla
1185 750 1331 826 libidine,

88 855 141 918 sed
175 853 262 917 nudo
295 853 408 917 tuendi
438 852 488 915 sui
511 851 654 937 bellique
676 851 711 914 in
734 850 858 914 hostem
882 850 1183 915 irreconciliabilem
1206 849 1331 915 ferendi

88 954 204 1031 studia,
228 976 303 1018 curn
325 953 388 1016 iter
409 952 474 1016 alic
497 974 562 1015 non
585 965 719 1035 pateret,
741 949 801 1015 hac
817 951 1009 1038 capiendum
1025 951 1099 1015 fuit.
1134 951 1230 1015 Nunc
1248 950 1332 1014 bello

87 1054 140 1119 hic
174 1055 238 1119 loci
271 1053 440 1123 immixtis,
474 1053 556 1116 Sztas
585 1050 687 1138 ipsius
713 1074 751 1115 ac
778 1051 884 1138 quivis
905 1073 1011 1115 rerum
1034 1052 1174 1137 prudens
1193 1050 1331 1136 judicet,

87 1155 169 1220 sitne
193 1168 299 1219 tutum
323 1154 580 1239 consultumque,
604 1164 742 1237 portum,
766 1175 829 1238 quo
844 1152 908 1216 huc
925 1151 1097 1216 meandum
1113 1152 1333 1217 remeandum·

87 1279 146 1342 que
181 1254 253 1329 erit,
286 1255 442 1330 deserere,
477 1277 520 1318 ex
552 1276 610 1317 aua
641 1253 675 1316 in
706 1252 837 1316 alterius
860 1264 1055 1338 potestatem
1078 1254 1214 1330 tradere,
1237 1266 1332 1338 atque

86 1356 226 1420 animam
253 1356 369 1420 ducere
399 1353 583 1440 precariam.
628 1353 825 1440 Exemplum
848 1362 934 1418 certe
956 1377 1021 1417 non
1045 1365 1122 1438 puto
1144 1353 1213 1418 dari
1235 1374 1330 1437 posse

85 1471 150 1519 tam
176 1456 296 1543 ineptae
323 1454 501 1542 probitatis.
551 1455 599 1518 Eo
622 1468 730 1519 autem
753 1454 860 1518 minus
882 1477 984 1518 eausae
1008 1453 1089 1518 S:tas
1111 1453 1212 1540 ipsius
1235 1452 1332 1517 habet

86 1558 124 1621 ad
147 1570 316 1642 tantopere
338 1556 553 1620 insistendum
577 1555 822 1641 urgendumque
845 1554 1093 1632 restitutionem,
1116 1554 1201 1640 quod
1219 1566 1332 1639 praeter

85 1657 210 1721 nudum
234 1657 351 1721 ostium
374 1656 457 1720 nihil
479 1655 540 1719 sibi
565 1669 781 1741 proventuum
800 1656 925 1739 jurisve
943 1654 1018 1718 inde
1035 1654 1179 1731 decedat,
1197 1668 1230 1718 et
1245 1654 1331 1719 bello

85 1757 234 1822 confecto
257 1780 347 1843 spem
370 1759 441 1842 ejus
464 1757 673 1842 recuperandi
695 1756 765 1820 sine
788 1756 881 1819 armis
905 1756 1081 1819 maximam
1104 1754 1231 1820 habeat.

170 1859 224 1922 Ad
257 1871 352 1946 pacta
384 1856 599 1921 neutralitatis
629 1857 713 1943 quod
742 1857 868 1933 attinet,
893 1856 922 1919 S.
946 1857 983 1920 R.
1007 1856 1103 1920 Mztas
1125 1857 1218 1920 dtnus
1241 1879 1332 1920 meus

85 1959 180 2023 unice
208 1982 266 2045 per
289 1981 400 2023 eorum
423 1957 618 2021 oblationem
642 1957 790 2042 quasivit
812 1956 949 2021 salutem
973 1957 1241 2042 securitatemque
1264 1956 1332 2019 Du·

84 2060 161 2123 calis
197 2060 364 2139 Borussiae‚
392 2057 552 2145 siquidem
576 2058 641 2122 haec
664 2058 839 2122 consistere
863 2058 1020 2143 nequiret,
1043 2056 1106 2119 nisi
1128 2057 1213 2121 ultro
1237 2056 1333 2120 citro·

84 2184 146 2247 que
180 2160 255 2224 data
281 2172 314 2222 ct
341 2172 474 2244 accepta
496 2158 575 2238 iide3
598 2170 634 2222 ut
656 2158 777 2222 idcirco
801 2171 834 2222 et
856 2157 937 2222 mihi
958 2158 1140 2242 injunxerit
1162 2181 1220 2243 per
1242 2180 1332 2220 occa·

84 2262 208 2325 sionem
235 2258 350 2323 iisdem
373 2259 563 2323 tractatibus
585 2258 743 2335 insistere,
766 2273 799 2325 et
821 2260 874 2323 vel
897 2259 981 2344 apud
1006 2258 1105 2322 Sztem
1128 2259 1231 2344 ipsius
1255 2280 1331 2343 prae·

84 2377 220 2437 sentem,
255 2383 328 2423 cum
363 2360 539 2435 advenerit,
566 2359 619 2423 vel
642 2360 727 2444 apud
749 2359 950 2423 consiliarios
974 2358 1174 2444 Ordinesque
1199 2358 1331 2422 Ducalis

82 2460 252 2536 Borussiae,
288 2459 352 2524 Szte
386 2460 488 2544 ipsius
522 2460 663 2537 absente,
691 2460 818 2524 eosdem
848 2483 972 2546 urgere.
1016 2459 1117 2523 Nulla
1140 2472 1246 2523 autem
1271 2458 1333 2522 alia

82 2563 166 2627 ratio
199 2561 231 2625 S.
258 2561 296 2625 R.
321 2561 443 2639 limem,
468 2573 505 2625 ut
526 2560 559 2625 id
583 2561 671 2637 velit,
695 2575 873 2647 permovet,
896 2583 992 2646 quam
1015 2561 1101 2646 quod
1124 2558 1331 2623 securitatem

85 2663 172 2726 hisce
209 2675 356 2748 praestare
390 2675 538 2747 nequeat,
573 2662 635 2726 nisi
667 2677 871 2749 perspectum
898 2661 1023 2736 babeat,
1047 2659 1129 2724 nibil
1151 2659 1269 2723 hostile
1293 2660 1332 2723 ab

81 2764 200 2828 iisdem
228 2761 382 2826 adversus
405 2786 438 2826 se
462 2784 498 2826 ac
520 2784 595 2825 suos
617 2761 669 2825 vel
692 2778 886 2849 susceptum,
910 2762 964 2826 vel
985 2762 1065 2848 ipsis
1081 2759 1331 2825 conniventibus

81 2864 258 2928 admissum
281 2863 336 2938 iri;
359 2886 433 2926 cum
457 2885 494 2927 ea
516 2864 559 2926 sit
581 2863 741 2949 aequitatis
759 2863 905 2948 jurisque
922 2863 1069 2950 gentium
1084 2862 1176 2937 ratic,
1193 2875 1230 2925 ut
1245 2859 1331 2946 quod

81 2965 222 3050 quisque
257 2962 319 3025 sibi
347 2963 417 3026 fieri
439 2963 529 3037 velit,
552 2963 585 3026 id
609 2963 701 3027 alteri
724 2976 863 3048 proestet.
909 2963 1008 3026 Hisce
1031 2963 1112 3026 bene
1137 2962 1331 3047 ponderatis,

80 3064 176 3129 facile
211 3062 292 3127 S:tas
325 3063 427 3148 ipsius
460 3063 551 3128 videt
584 3063 614 3127 S.
643 3064 680 3128 R.
707 3064 819 3127 M:tem
849 3064 946 3127 huius
976 3063 1117 3128 instituti
1140 3062 1191 3126 sui
1213 3062 1331 3126 habere

81 3164 375 3251 praegnantissimas
397 3164 546 3242 rationes,
570 3179 604 3228 et
624 3164 727 3228 cuivis
746 3165 844 3228 facile
866 3187 993 3228 causam
1011 3187 1099 3228 suam
1116 3163 1330 3250 probaturam,

80 3267 107 3330 si
142 3266 304 3353 praeterita
334 3278 442 3329 aestate
469 3265 502 3329 id
525 3264 737 3350 responderit,
761 3289 820 3330 nee
842 3265 1010 3329 discedens
1034 3264 1114 3328 mihi
1137 3276 1331 3351 potestatem

80 3367 170 3431 aliud
195 3365 312 3453 agendi
336 3365 470 3442 dederit,
493 3379 550 3429 aut
572 3367 646 3430 dare
671 3366 820 3429 voluerit.

166 3467 263 3546 Quod
295 3488 371 3530 vero
404 3466 485 3531 S:tas
511 3465 612 3553 ipsius
638 3468 789 3531 restituto
815 3480 912 3552 portu
940 3488 973 3530 se
997 3465 1236 3551 suspicionibus
1258 3465 1331 3529 sub·

78 3569 232 3643 levatam,
267 3579 300 3630 et
331 3567 471 3632 ditiones
504 3590 578 3631 suas
611 3568 766 3632 securiori
798 3567 869 3630 loco
902 3566 1029 3631 futuras
1063 3579 1168 3652 putet,
1196 3565 1228 3630 id
1251 3565 1331 3630 licet

78 3669 226 3756 speciem
260 3666 420 3755 quandam
448 3667 563 3732 habeat
585 3668 745 3733 exteriora
767 3680 894 3731 tantum
917 3667 1147 3753 spectantibus,
1170 3665 1329 3749 tamensi

77 3784 200 3845 cuncta
229 3770 319 3854 justa
345 3768 436 3832 lance
460 3769 687 3853 ponderentur,
710 3780 744 3832 et
765 3768 921 3833 interiora
942 3780 1092 3832 accurate
1116 3769 1328 3854 pensitentur,

76 3893 187 3957 neque
210 3868 380 3956 occupatio
403 3882 513 3955 portus
537 3869 633 3955 Regis
657 3870 757 3934 Reive
781 3869 918 3955 publicae
940 3868 1069 3932 Polonae
1091 3868 1244 3946 animum,
1262 3868 1329 3931 Du·

76 3970 168 4036 catui
188 3969 382 4054 jamdudum
403 3968 593 4047 inhiantem,
617 3970 721 4056 magis
743 3969 933 4043 stimulabit,
955 3992 1062 4055 neque
1078 3968 1148 4033 eius
1163 3967 1328 4032 restitutio

76 4071 229 4137 ardorem
261 4070 452 4158 restinguet.
500 4070 680 4135 Praetextus
710 4069 743 4134 hi
771 4087 847 4135 sunt
869 4069 927 4134 Szti
950 4069 1052 4155 ipsius
1075 4093 1094 4133 a
1115 4069 1199 4133 veris
1222 4069 1327 4132 causis

75 4171 315 4259 distinguendi,
349 4171 379 4235 S.
407 4183 493 4236 certe
521 4171 557 4236 R.
581 4171 655 4236 Mzti
676 4172 724 4236 ita
745 4169 955 4256 dijudicandi,
979 4183 1017 4235 ut
1039 4170 1067 4234 si
1089 4170 1188 4235 ceteri
1210 4170 1326 4246 nolint,

74 4274 151 4361 ipsa
185 4287 295 4337 tamen
321 4295 386 4336 non
413 4272 563 4358 patiatur,
586 4295 620 4338 se
643 4294 764 4359 suaque
786 4295 829 4336 ex
849 4270 1032 4337 istiusmodi
1055 4269 1271 4335 fundamentis
1293 4269 1327 4333 in

75 4374 256 4440 discrimen
279 4371 406 4437 coniici.

164 4474 244 4539 Haec
275 4473 415 4537 breviter
441 4473 532 4538 volui
553 4497 628 4538 cum
650 4474 727 4539 d:no
748 4473 857 4559 legato
879 4473 1115 4537 communicare
1137 4469 1171 4535 in
1194 4472 1326 4558 negotio

74 4573 274 4642 restituendi
301 4586 410 4660 portus
436 4573 651 4651 Pillariensis,
674 4574 760 4661 quod
782 4572 882 4638 sciam
905 4573 935 4637 S.
959 4574 996 4637 R.
1020 4573 1132 4637 bitem
1154 4571 1236 4636 nihil
1259 4571 1326 4657 qui·

73 4680 150 4744 dem
169 4686 398 4752 recusaturam,
416 4698 481 4760 quo
496 4674 598 4761 possit
614 4674 672 4740 Szti
687 4675 799 4760 ipsius,
815 4673 954 4761 principi
970 4687 1003 4739 et
1019 4672 1105 4738 affini
1122 4672 1325 4748 amicissimo,
