3284 5346
1213 436 1274 501 645

70 604 244 688 praesertim
277 626 351 667 curn
379 604 447 686 jam
482 625 501 666 a
533 601 708 689 prolixiore
737 602 911 687 scriptione
937 625 1002 666 non
1025 624 1137 689 parurn
1161 603 1202 667 ob
1225 603 1255 667 S.
1279 603 1316 668 R.

70 703 159 769 Motis
182 704 248 769 dmi
271 704 335 769 mei
360 703 536 769 discessum
559 717 593 768 et
614 702 789 767 incidentia
812 703 943 790 negotia
964 702 1132 789 impediar.
1173 707 1221 768 At
1242 726 1316 768 cnm

69 804 100 868 id
124 804 206 868 mihi
229 828 315 870 nunc
339 803 469 890 quidem
492 805 534 868 ait
555 805 760 890 denegatum,
783 826 843 867 neo
866 802 935 890 ipse
958 803 1126 868 consilium
1150 819 1242 869 tuum
1257 805 1317 868 im·

69 905 215 991 probem,
239 904 278 969 ad
301 904 431 992 singula
453 905 594 970 breviter
615 904 825 988 respondebo.

155 1006 290 1081 Literna,
313 1029 392 1092 quas
414 1005 506 1070 dabis
528 1005 728 1092 inposterum
753 1004 792 1068 ad
808 1005 1045 1071 serenissimum
1062 1005 1184 1093 Regem
1197 1029 1316 1083 meum,

69 1122 105 1170 ut
139 1119 174 1171 et
200 1107 238 1171 ad
266 1129 329 1185 me,
356 1107 486 1171 mittere
510 1119 637 1193 opertet
659 1090 711 1169 vel
734 1105 957 1193 Hamburgnm
981 1106 1022 1170 ad
1046 1121 1193 1193 agentem
1217 1107 1316 1195 Regis

69 1207 145 1284 mei,
172 1207 340 1272 Andream
365 1206 589 1285 Suensonium,
612 1206 664 1270 vel
688 1205 935 1294 Helaingeoram
959 1208 998 1293 ed
1020 1206 1141 1272 ibidem
1166 1221 1317 1295 agentem

69 1307 168 1394 Regia
192 1308 266 1384 mei,
287 1307 406 1372 donam
430 1307 595 1387 Buraeum3
618 1330 752 1394 quorum
776 1307 939 1385 alteruter,
962 1308 987 1371 ai
1011 1307 1083 1371 illas
1105 1308 1138 1372 in
1162 1330 1235 1372 suas
1253 1332 1317 1373 ma·

68 1430 130 1472 nus
160 1408 331 1495 acceperit,
359 1409 444 1473 viam
472 1408 567 1473 facile
590 1406 737 1473 inveniet
758 1408 961 1473 serenissimo
984 1408 1067 1496 Regi
1089 1432 1162 1473 suaa
1184 1409 1217 1473 in
1241 1409 1318 1474 Sue·

68 1510 164 1586 ciam,
188 1531 275 1573 mens
297 1532 373 1574 vero
394 1508 476 1574 mihi
498 1509 561 1572 huo
584 1508 757 1595 Elbingam
781 1509 941 1573 mittendi.

156 1609 281 1675 Literna
303 1611 342 1675 sd
365 1610 474 1675 dznum
499 1609 715 1674 Camerarium
739 1609 881 1674 nondum
904 1611 1045 1688 exarari,
1069 1611 1155 1698 quod
1177 1612 1248 1698 ipae
1268 1612 1319 1697 ju·

68 1710 205 1775 dicarim
239 1710 546 1785 commodissimum,
576 1723 614 1774 nt
639 1731 693 1773 eas
721 1711 925 1796 praevenirem
947 1734 1033 1775 nunc
1057 1734 1129 1775 oum
1153 1711 1214 1776 tibi
1235 1713 1320 1778 tradi

68 1812 195 1898 cupias,
218 1811 315 1898 idque
338 1811 392 1875 vel
415 1812 555 1876 maxime
578 1811 721 1896 probem,
743 1810 869 1885 faciam,
887 1825 924 1876 nt
939 1811 1179 1898 quamprimum
1195 1825 1228 1876 et
1243 1825 1317 1877 ante

69 1912 196 1977 abitum
229 1912 303 1976 illus
335 1912 470 1991 habeas,
505 1934 590 1975 nunc
622 1935 686 1999 quo
721 1911 826 1975 minus
858 1935 934 1976 vero
961 1936 978 1976 e
1006 1913 1147 2000 vestigio
1169 1912 1320 1989 scribam,

67 2012 282 2100 negociorum
305 2013 482 2077 multitudo
505 2036 540 2077 ac
563 2013 701 2077 varietas
725 2013 861 2077 obsistit.

157 2113 376 2179 Credentialea
413 2114 509 2178 video
545 2113 607 2177 tibi
641 2112 846 2191 necessarias,
879 2113 906 2176 ai
940 2113 1112 2201 aliquando
1145 2115 1318 2180 convenire

68 2227 222 2302 oporteat
253 2215 288 2279 in
320 2214 466 2300 negociis
498 2215 598 2302 Regia
631 2214 694 2278 mei
727 2213 779 2277 vel
807 2214 963 2279 Dominoa
987 2214 1123 2281 Ordines
1146 2214 1318 2280 Generales

67 2316 122 2381 vel
158 2314 342 2380 Hollandiae
370 2327 426 2379 aut
453 2315 606 2379 Senatum
633 2315 988 2391 Amatelrodamensem,
1011 2329 1107 2403 atque
1130 2316 1258 2394 curabo,
1282 2330 1320 2380 ut

68 2416 151 2480 fiant
184 2416 420 2502 quamprimum
454 2416 580 2503 tibique
613 2428 700 2480 certo
733 2437 808 2479 oum
842 2417 961 2480 nuncio
995 2417 1173 2482 mittantur.
1225 2417 1319 2481 Nunc

66 2541 133 2603 quo
170 2517 275 2582 minua
309 2541 366 2604 per
392 2516 497 2581 filium
524 2530 614 2581 tuum
637 2516 861 2593 exhibeantur,
884 2516 990 2582 obstat
1013 2517 1139 2583 subitus
1161 2516 1318 2582 discessus

65 2617 136 2682 dmi
162 2618 300 2682 Honarti
323 2631 356 2682 et
378 2618 527 2682 cumulus
551 2618 766 2705 negotiorum.

156 2719 194 2782 Iu
229 2743 267 2783 eo
294 2742 423 2806 quoqne
451 2718 623 2784 habebitur
644 2719 727 2782 ratio
748 2731 814 2796 tua,
838 2733 885 2796 ut,
908 2719 935 2782 si
958 2742 1021 2806 quo
1045 2720 1088 2783 sis
1111 2718 1318 2806 ablegandus,

65 2820 130 2884 hoc
166 2820 356 2907 tempestive
384 2820 559 2906 intelliges.
604 2822 789 2906 Antequam
812 2820 942 2884 veroin
967 2820 1111 2884 Sueciam
1136 2820 1205 2885 Rex
1230 2842 1319 2884 meus

64 2920 214 2998 redierit,
249 2920 329 2985 nihil
361 2923 441 2986 certi
478 2934 618 2985 statuere
652 2920 781 3006 poterit,
808 2918 884 3007 quid
908 2921 969 2985 sibi
992 2921 1052 2985 soli
1075 2920 1127 2984 vel
1149 2943 1224 2985 cnm
1247 2920 1319 2984 aliis

66 3021 244 3110 agendum.

156 3122 290 3186 Interim
313 3122 374 3187 hoc
397 3122 427 3186 S.
449 3124 486 3187 R.
508 3123 603 3186 Mztas
618 3121 677 3186 tibi
693 3121 843 3208 inprimis
858 3122 1117 3188 commendatum
1134 3144 1201 3186 esse
1217 3122 1318 3209 eupit,

63 3238 103 3289 ut
138 3245 286 3288 reversus
317 3223 352 3287 in
384 3223 535 3311 Belgium
570 3245 617 3300 ea,
639 3246 708 3310 quar
731 3221 841 3287 libello
864 3222 1040 3288 memoriali
1054 3225 1081 3304 ¹)
1103 3223 1333 3303 continentur,

62 3323 214 3391 studiose
248 3347 394 3412 peragas,
427 3339 460 3390 et
494 3325 571 3412 quid
598 3325 640 3388 sit
662 3325 742 3410 spei,
765 3323 949 3412 perscribas.
994 3324 1043 3389 De
1066 3324 1233 3401 industria,
1256 3324 1319 3389 fide

62 3440 167 3513 atque
202 3426 321 3489 affectu
355 3438 412 3490 tuo
446 3448 541 3490 nemo
574 3437 718 3489 nostrum
752 3424 894 3503 dubitat,
924 3424 964 3488 de
988 3424 1151 3510 stipendio
1173 3448 1237 3489 non
1260 3439 1319 3501 est,

62 3527 158 3614 quod
193 3526 346 3612 ambiges,
379 3551 418 3591 en
445 3526 476 3591 S.
505 3527 542 3592 R.
569 3525 681 3590 Mttem
710 3548 837 3589 usuram
861 3524 1030 3590 elementia
1053 3539 1086 3590 et
1108 3524 1319 3613 benignitate,

61 3650 140 3716 quae
164 3642 389 3714 recompenset
412 3650 449 3692 ac
471 3627 665 3714 respondeat
687 3626 800 3691 officiis
823 3626 1028 3713 servitiisque
1051 3627 1126 3690 tuis.

156 3727 228 3815 Ego
262 3752 339 3793 vero
372 3729 460 3793 omni
494 3728 601 3792 studio
635 3729 837 3804 contendam,
871 3739 908 3791 ut
933 3750 966 3791 re
990 3727 1060 3814 ipsa
1082 3727 1245 3813 intelligas
1268 3751 1319 3793 me

61 3830 179 3895 auimo
204 3829 388 3917 affectuque
412 3842 504 3894 tuum
527 3851 604 3894 esse.
650 3830 823 3915 Deumque
847 3850 968 3914 precor,
991 3841 1028 3892 ut
1050 3844 1081 3893 te
1105 3827 1228 3892 salvum
1245 3851 1320 3893 con·

60 3942 179 3996 servet
212 3953 248 3994 ac
278 3930 344 3994 tuis
367 3931 540 4018 aliquando
563 3932 717 4016 sospitem
739 3928 863 3994 reddat.
908 3929 1076 3994 Dabuntur
1098 3929 1245 4017 Elbingae
1267 3928 1320 3993 die

60 4035 106 4097 12
133 4028 316 4118 Octob[ris]
337 4034 402 4095 An.
427 4032 519 4096 1627.

154 4186 352 4250 ligenhandlgt
377 4188 499 4252 koncept
525 4188 535 4236 i
562 4185 782 4236 Oxenatlernaka
805 4186 956 4249 samtingen
980 4184 1042 4235 med
1062 4184 1196 4249 ptakrtit:
1221 4186 1321 4234 »Banu
1410 4231 1414 4238 .

58 4273 203 4323 montio.»

155 4440 176 4503 ¹)
195 4443 281 4492 Detta
298 4442 437 4490 memorial
457 4441 508 4490 har
527 4441 551 4505 ej
571 4440 725 4490 antrtflata.
