3288 5330
1252 446 1314 509 475

104 631 141 684 et
172 618 303 706 integer
335 617 454 683 mensis
487 616 628 693 additus,
665 638 778 681 verum
800 638 875 680 cum
897 638 962 679 non
984 612 1134 690 habeant,
1157 613 1244 700 quod
1266 612 1357 678 inre

103 719 357 795 calumnientur,
393 718 507 783 fucum
544 717 653 782 facere
690 728 843 803 satagunt
878 715 999 803 ignaris
1035 736 1142 780 rerum
1175 726 1356 781 nostrarum

104 819 300 885 mortalibus
332 818 404 884 istis
436 818 590 883 inanibus
623 831 656 883 et
688 816 920 881 solennitatum
947 815 1106 902 apicibus.
1149 814 1281 881 Etenim
1303 814 1358 879 de·

103 919 278 986 nunciatis
311 919 504 1006 tempestive
528 940 547 982 a
567 917 661 983 nobis
683 918 781 995 facta,
804 915 942 1003 hyberni
963 916 1089 981 itineris
1111 914 1358 980 difficultatibus

103 1023 147 1087 ad
181 1022 201 1086 8
235 1020 305 1086 dies
337 1021 420 1084 ultra
454 1018 674 1105 praescriptum
707 1032 837 1105 tempus
869 1018 1006 1094 reddita,
1039 1016 1235 1081 clamoribus
1269 1016 1357 1081 bisce

104 1121 312 1187 occasionem
334 1120 442 1199 dedit3
464 1119 595 1184 interim
619 1120 705 1206 apud
729 1119 868 1183 Polonos
891 1119 994 1183 altum
1014 1117 1180 1182 silentium
1196 1129 1254 1195 est,
1270 1139 1358 1181 arma

103 1222 182 1288 ideo
216 1244 371 1308 suspensa
399 1221 511 1298 fuisse,
535 1234 571 1284 nt
593 1219 701 1306 pacati
722 1220 762 1284 de
787 1242 865 1305 prce
888 1218 1016 1283 institui
1038 1230 1170 1306 possent
1192 1229 1357 1295 tractatus,

104 1345 188 1411 quos
221 1322 271 1387 illi
305 1322 403 1387 etiarn
432 1320 589 1386 admoniti
611 1322 729 1407 saepius
752 1319 870 1385 callide
892 1319 1119 1407 neglexerunt,
1142 1341 1266 1407 nosque
1288 1341 1358 1385 rer-

101 1424 220 1489 borum
242 1422 510 1509 ambiguitatibus
531 1422 827 1487 circumduxerunt.

192 1524 285 1604 Quod
298 1547 374 1589 vero
385 1524 457 1587 Rex
463 1522 603 1587 Poloniae
609 1522 731 1609 Regem
743 1536 889 1587 nostrum
902 1523 1009 1587 verbis
1020 1533 1159 1600 tantum,
1172 1545 1235 1587 non
1248 1523 1356 1586 animo

102 1648 222 1713 pacem
245 1624 470 1712 praeseferre
489 1622 631 1708 jactitet,
654 1622 688 1686 id
711 1638 825 1709 suopte
849 1646 891 1687 ex
915 1623 1048 1710 ingenio
1070 1624 1110 1688 de
1134 1623 1205 1687 aliis
1221 1624 1356 1707 judicat.

103 1727 143 1790 ln
172 1749 212 1791 eo
235 1748 312 1790 vero
334 1748 399 1788 non
421 1723 557 1801 fallitur,
581 1723 611 1787 S.
635 1723 672 1787 R.
695 1723 818 1800 Mttem,
842 1724 1009 1811 desperata
1030 1746 1104 1787 curn
1127 1723 1249 1787 Polono
1268 1725 1358 1809 justa

102 1850 185 1914 pace
209 1849 245 1891 ac
268 1826 364 1890 toties
386 1824 555 1889 fraudibus
578 1823 731 1901 delusam,
755 1824 932 1911 ingressam
954 1824 1037 1889 hanc
1060 1823 1261 1909 provinciam
1288 1846 1356 1889 csse

102 1949 205 2013 seque
228 1925 282 1990 hic
305 1926 431 1990 munire
455 1924 562 1989 animo
585 1925 719 1989 eandem
742 1947 807 1988 non
829 1924 926 1989 facile
949 1924 1133 2000 deserendi;
1149 1946 1253 2011 neque
1270 1926 1356 1989 enim

102 2029 280 2115 quicquam
303 2026 447 2113 ineptius
470 2040 564 2102 esset,
588 2048 683 2112 quam
700 2038 825 2090 tanturn
841 2026 1011 2113 negotium
1026 2024 1170 2112 adgredi,
1186 2024 1249 2089 nisi
1264 2025 1356 2090 firmo

102 2129 272 2215 proposito
295 2128 329 2190 in
352 2128 465 2191 eodem
492 2125 693 2213 persistendi.

191 2233 302 2315 Atque
323 2227 389 2291 haec
419 2227 515 2313 paulo
538 2225 697 2313 prolixius
720 2227 760 2291 ad
782 2226 893 2290 literas
915 2239 987 2290 tuas
1009 2227 1201 2314 respondere
1224 2227 1356 2312 placuit,

102 2352 170 2394 non
194 2329 278 2414 quod
304 2342 335 2393 te
358 2328 415 2392 illa
437 2350 501 2391 non
525 2327 665 2414 penitius
687 2327 870 2413 intelligere
893 2326 1001 2403 sciam,
1025 2329 1080 2392 sed
1098 2340 1133 2391 ut
1148 2328 1355 2392 consiliorum

103 2430 329 2517 propositique
363 2427 393 2491 S.
417 2427 459 2521 R,
482 2427 569 2492 Mztis
594 2450 712 2514 gnarus
740 2441 857 2492 cuncta
880 2428 1059 2492 accuratius
1082 2428 1219 2515 digeras,
1242 2442 1276 2493 et
1298 2452 1356 2492 suo

101 2531 177 2595 loco
199 2554 236 2594 ac
259 2544 404 2616 tempore
428 2552 499 2593 cum
524 2529 596 2593 aliis
618 2528 848 2593 communices.

191 2630 245 2695 Ad
269 2644 389 2695 statum
412 2653 519 2694 rerum
542 2644 723 2693 nostrarum
745 2628 796 2693 his
818 2628 852 2693 in
875 2629 957 2694 locis
979 2628 1067 2715 quod
1091 2630 1216 2706 attinet,
1239 2644 1357 2697 cuncta

103 2731 263 2796 hactenus
285 2731 398 2795 divina
420 2730 593 2794 adiuvante
616 2730 790 2794 clementia
810 2752 961 2816 prospere
977 2743 1209 2795 successerunt.
1246 2730 1357 2796 Absti-

103 2855 219 2897 nemus
253 2830 373 2917 praelio,
400 2854 461 2895 nec
484 2831 621 2895 fortunae
644 2830 777 2895 arbitrio
800 2853 957 2894 summam
979 2852 1085 2895 rerum
1108 2831 1355 2911 committimus3

102 2933 236 2998 interim
270 2931 469 3019 quotidianis
492 2931 735 2995 velitationibus
757 2954 945 2995 exercemus
968 2931 1116 3004 militem,
1140 2954 1176 2995 ac
1199 2932 1355 3019 singulari

102 3032 264 3097 beneficio
287 3032 398 3097 divino
419 3055 543 3119 semper
558 3031 592 3096 in
608 3032 695 3096 hunc
712 3031 799 3096 diem
815 3032 995 3117 superiores
1011 3033 1206 3097 exstitimus.
1244 3033 1356 3119 Nuper

102 3135 216 3207 etiam,
250 3132 402 3198 videlicet
426 3135 445 3197 2
468 3131 674 3219 Feb[rnarii],
698 3134 739 3197 60
760 3132 901 3197 hostium
925 3133 1091 3219 Dragones
1113 3133 1148 3197 in
1171 3156 1255 3221 pago
1278 3157 1355 3219 quo·

101 3236 179 3300 dam
202 3234 389 3311 cecidimus,
414 3233 568 3297 mediocri
590 3233 706 3298 iisdem
730 3233 836 3320 praeda
858 3232 1018 3319 adempta.
1063 3233 1207 3297 Pudrich
1227 3257 1355 3321 quoque

103 3334 208 3400 bostis
241 3335 477 3421 necquicquam
501 3347 679 3421 oppugnat,
702 3346 735 3399 ct
758 3357 830 3419 spes
853 3347 902 3398 est
923 3333 1016 3398 illum
1038 3357 1071 3398 re
1094 3334 1216 3398 infecta
1238 3335 1356 3399 disces·

101 3454 230 3515 surum3
258 3434 373 3521 quodsi
395 3435 428 3499 id
452 3435 638 3521 praesidiarii
662 3435 760 3498 tutati
782 3434 915 3513 fuerint,
938 3436 1042 3499 donec
1065 3458 1152 3499 mare
1175 3459 1208 3499 se
1233 3435 1356 3522 aperiat

102 3536 346 3624 navigantibus,
368 3558 443 3599 curn
466 3536 588 3622 pudore
611 3536 791 3603 obsessores
814 3536 962 3601 abactnrn
984 3536 1024 3599 iri
1047 3535 1249 3600 confidimus.

188 3637 229 3701 In
261 3636 401 3701 hironia
435 3637 532 3700 audio
555 3650 698 3701 nostrum
722 3636 913 3702 Generalem
935 3638 1045 3700 drnum
1068 3637 1228 3701 ‹Jacobum
1252 3637 1301 3701 De
1324 3637 1356 3701 la

101 3738 224 3803 Gardie
258 3738 405 3803 inducias
438 3738 634 3802 concessisse
668 3736 840 3801 Lithvanis
873 3759 975 3823 usque
1009 3738 1043 3801 in
1078 3737 1217 3822 primum
1251 3738 1355 3802 dunii.

102 3839 242 3904 redditis
264 3838 407 3924 Principi
431 3837 612 3901 Radzivilio
636 3838 747 3915 Birzis,
770 3851 803 3901 et
825 3853 954 3923 recepto
970 3837 1003 3900 in
1019 3838 1158 3901 Livonia
1176 3838 1355 3914 Laudcnio,

102 3940 349 4025 constitutoque
382 3938 486 4002 limite
520 3961 692 4020 regnorum
727 3938 766 4002 ad
799 3938 936 4003 fluvium
971 3938 1150 4017 Avestiam,
1179 3952 1213 4001 ut
1236 3961 1278 4001 ex
1302 3938 1354 4002 ad·

102 4040 226 4106 iunctis
250 4040 351 4125 pactis
373 4038 538 4125 intelliges
550 4040 586 4123 ¹).

188 4141 280 4205 lntcr
312 4163 370 4205 nos
403 4156 437 4205 et
469 4140 684 4204 Dantiscsnos
716 4163 766 4204 res
789 4155 864 4203 sunt
885 4141 919 4204 in
943 4140 1080 4226 pristino
1103 4153 1198 4216 statu,
1222 4154 1255 4204 ct
1275 4141 1356 4205 furit

102 4243 178 4307 istic
213 4263 301 4305 more
334 4262 393 4304 suo
415 4241 516 4327 plebs,
540 4241 707 4318 novandis,
730 4264 794 4304 non
818 4240 1045 4305 conservandis
1067 4241 1163 4305 rebus
1187 4255 1272 4325 apta,
1293 4240 1355 4304 fer-

103 4356 233 4430 turque,
258 4354 295 4405 ut
318 4341 425 4418 audic,
448 4341 541 4428 equis
565 4341 688 4426 auriga,
710 4364 770 4405 nec
795 4342 886 4404 audit
907 4363 1020 4405 currus
1043 4341 1193 4405 habenas.
1238 4341 1354 4427 Regio·

103 4456 216 4506 monte
239 4465 327 4505 nunc
349 4441 558 4507 continuatur
581 4455 759 4505 conventus
783 4440 950 4518 Ordinum,
973 4465 1033 4505 nec
1056 4441 1152 4505 facile
1173 4441 1286 4505 dixero
1303 4441 1351 4506 ad·

188 4578 212 4641 ²)
231 4581 406 4644 Handlingar
423 4583 544 4633 rorando
563 4581 762 4641 stillssttndet,
781 4595 840 4631 som
858 4581 959 4631 atslr‘tts
977 4581 1003 4631 d
1022 4584 1037 4629 9
1055 4580 1127 4641 Jan,
1145 4581 1235 4631 finnas
1252 4583 1263 4632 l
1279 4580 1355 4631 Riks·

103 4667 222 4727 arklret,
242 4665 381 4727 Polonlcs,
398 4666 516 4728 Bagistr.
535 4667 615 4715 stver
633 4665 819 4715 nnderhandl.
839 4667 848 4715 i
866 4664 974 4715 Lifland
995 4667 1170 4714 lert-1627.
