3212 5352
1206 448 1267 514 181

146 622 328 686 Antecknlng
352 637 369 672 a
391 627 470 686 tergo
491 622 556 672 med
575 621 726 672 Camersrli
744 621 833 672 hand:
858 621 937 672 ›Dml
955 621 1122 672 cancellarii
1140 622 1230 686 Regni
1248 622 1312 671 Sue·

71 720 154 756 corum
172 703 289 770 l[tte]rae
308 706 344 756 ad
362 707 462 755 Dznum
480 707 654 769 Butgerslum
672 702 760 770 dost]
777 701 923 768 m[ortsm].

146 792 229 841 Prusa
250 792 334 855 Hsgas
354 791 469 842 Comitis
487 788 521 856 {8
538 786 690 852 Octobrsls]
707 791 787 839 Anno
807 792 895 840 rasta

146 909 346 973 Egenhtndlgt
376 910 495 972 original
521 907 531 957 i
558 907 742 968 Riksarkivct,
771 907 946 969 Hollandlca,
973 908 1025 958 Till
1051 908 1212 971 Rutgerslas
1237 907 1310 959 ltrdn

73 992 162 1056 Kongl.
190 993 242 1043 Mu
270 992 322 1043 och
349 991 555 1043 Blksksnslern,
595 994 645 1042 Att
671 990 844 1042 Camerarius
867 992 957 1042 brutit
974 992 1093 1053 brefvet,
1111 1005 1139 1042 se
1158 992 1242 1042 olvan
1260 991 1312 1041 sid.

73 1080 113 1126 ltu
130 1082 179 1128 not
198 1074 228 1140 ι).

586 1210 795 1274 Postscriptum.

480 1337 688 1404 Amicissime
709 1338 897 1426 Ruthgersi.

147 1459 220 1523 Etsi
254 1456 337 1523 nihil
369 1457 498 1546 cupiam
532 1457 635 1545 magis
662 1474 696 1521 et
722 1471 876 1543 exoptem
903 1456 1137 1535 vehementius,
1160 1480 1256 1545 quum
1278 1469 1311 1523 te

72 1558 247 1624 diutissime
282 1582 300 1623 a
331 1557 444 1623 divino
476 1556 610 1622 numine
644 1555 735 1621 nobis
763 1557 954 1633 conservari,
981 1571 1020 1622 ut
1046 1570 1080 1623 et
1101 1557 1132 1622 S.
1155 1558 1193 1622 R.
1216 1558 1312 1623 Mztas

74 1673 102 1723 et
121 1659 316 1746 Respublica
337 1673 447 1724 nostra
467 1658 649 1722 diutissime
671 1679 768 1744 opera
789 1671 846 1722 tua
867 1658 917 1722 uti
938 1657 1050 1745 possit,
1074 1681 1135 1746 ego
1158 1680 1233 1724 vero
1255 1681 1313 1745 per

73 1759 236 1825 intervalla
268 1758 333 1824 frui
366 1758 529 1825 amicabili
556 1759 798 1824 conversatione
825 1772 891 1836 tua,
914 1771 1033 1837 tamen,
1057 1782 1131 1824 eum
1153 1758 1311 1834 homiues,

74 1858 127 1925 boe
158 1875 207 1926 est
235 1860 331 1926 morti
358 1860 427 1924 uati
450 1861 560 1937 simus,
584 1881 763 1947 magnaque
786 1872 818 1925 te
841 1882 915 1924 cum
937 1860 1126 1925 infirmitate
1150 1859 1313 1925 conflicta·

75 1974 135 2026 tum
168 1985 247 2042 esse,
281 1984 384 2048 euque
417 1960 581 2035 diuturna,
614 1959 846 2046 intelligamus,
880 1960 1025 2047 mihique
1054 1961 1139 2025 inter
1161 1984 1252 2047 spem
1276 1983 1312 2025 uc

76 2076 187 2129 metum
211 2061 319 2130 medio
342 2062 518 2127 verendum
542 2061 594 2141 sit,
618 2083 771 2147 quorsum
793 2060 855 2125 ista
877 2060 994 2124 vin'um
1017 2075 1146 2125 tuarum
1163 2060 1311 2126 debilitas

77 2163 195 2228 tandem
217 2185 355 2228 evasura
377 2162 429 2241 sit,
451 2161 565 2249 putavi
587 2161 652 2226 mei
675 2161 816 2226 muneris
839 2183 907 2226 esse
930 2175 963 2227 te
980 2160 1160 2242 admouere,
1175 2175 1222 2240 ut,
1238 2185 1312 2227 cum

77 2261 128 2326 tibi
157 2279 282 2329 secreta
314 2263 463 2350 plurima,
497 2274 531 2328 et
562 2263 597 2327 in
626 2261 855 2327 instructiones
883 2261 984 2327 relata
1011 2276 1044 2327 et
1066 2261 1170 2327 literis
1192 2263 1312 2350 partim

77 2361 173 2451 Regis,
207 2363 326 2452 partim
352 2363 433 2429 meis
455 2362 694 2451 comprehensa,
717 2362 901 2428 concredita
923 2362 998 2440 sint,
1020 2387 1090 2451 quae
1112 2376 1235 2429 secreto
1257 2363 1313 2428 ha-

78 2460 136 2529 beri
166 2488 227 2530 nec
260 2464 296 2529 in
323 2464 460 2529 aliorum
486 2465 596 2528 venire
619 2486 732 2528 manus
754 2477 863 2527 nostra
883 2463 1027 2545 interest,
1050 2477 1086 2529 tu
1110 2488 1168 2552 pro
1191 2487 1228 2529 ea
1250 2464 1313 2530 fide

79 2585 108 2627 ae
138 2567 252 2642 studio,
286 2565 372 2653 quod
403 2588 530 2652 semper
551 2588 628 2653 erga
650 2564 680 2629 S.
704 2564 741 2629 R.
765 2564 887 2643 Mztem,
911 2566 1079 2630 dominum
1101 2578 1258 2643 nostrum,
1281 2578 1314 2630 et

79 2686 201 2752 regnum
235 2666 298 2730 hoc
329 2666 469 2753 gessisti,
502 2665 561 2729 illa
593 2664 701 2730 omnia
732 2664 768 2728 in
801 2678 954 2731 eventum
988 2665 1070 2731 velis
1100 2666 1253 2755 colligere
1281 2680 1314 2731 et

79 2768 285 2856 compingere,
309 2766 542 2854 obsignataque
566 2765 743 2842 adservare,
767 2779 804 2831 ut
826 2766 852 2830 si
875 2766 953 2853 quid
976 2766 1037 2831 tibi
1059 2766 1191 2831 humani
1213 2766 1314 2831 conti·

80 2868 161 2951 gerit,
183 2868 241 2932 illa
262 2867 357 2931 nobis
377 2865 471 2932 reddi
494 2867 619 2953 possint
639 2890 697 2954 per
718 2866 885 2931 dominum
907 2867 1091 2946 Heinsium,
1108 2869 1169 2933 tibi
1186 2869 1313 2954 tuisque

80 2987 134 3030 uon
153 2969 265 3032 sutura
286 2967 424 3053 amplius
448 2968 522 3031 usui
544 2979 599 3032 aut
620 2968 800 3032 commodo.
845 2967 1028 3033 Testaberis
1044 2968 1104 3032 hoc
1119 2969 1190 3055 ipso
1206 2969 1313 3047 fidem,

81 3088 163 3152 quum
190 3069 285 3132 vivus
311 3081 496 3134 constanter
522 3067 659 3133 servasti
684 3067 768 3154 Regi
790 3091 956 3156 regnoque
979 3082 1097 3134 nostro.
1141 3070 1214 3158 Ego
1236 3092 1313 3134 vero

82 3169 162 3233 unice
195 3182 325 3256 expeto,
359 3193 400 3234 ne
433 3168 494 3234 bac
520 3167 742 3234 sollicitudine
771 3191 852 3255 opus
874 3169 1000 3247 habeas,
1024 3182 1124 3256 utque
1147 3168 1214 3235 haec
1236 3192 1314 3234 cura

81 3288 150 3348 urea,
171 3271 266 3335 unice
289 3293 332 3335 cx
354 3292 460 3335 amore
482 3269 592 3357 pat-riae
615 3292 693 3333 meae
715 3269 887 3356 profluens,
911 3270 1073 3357 superflua
1095 3271 1145 3335 sit.

155 3370 329 3436 Pecuniam
362 3370 443 3435 mihi
472 3369 526 3435 ebs
549 3383 581 3435 te
604 3383 719 3435 mutuo
741 3371 859 3451 datam,
882 3382 919 3433 ut
941 3384 975 3436 et
997 3371 1133 3436 duorum
1157 3395 1312 3437 annorum

82 3490 188 3551 usuras,
215 3495 251 3537 ao
280 3471 307 3535 si
330 3471 407 3558 quid
430 3494 502 3536 meo
524 3471 654 3536 nomine
678 3484 830 3559 praeterea
852 3473 1002 3559 erogasti,
1026 3472 1207 3559 persolvam
1229 3470 1315 3537 bona

83 3566 144 3647 fide,
175 3595 234 3637 nec
267 3571 332 3637 erit
363 3571 425 3636 tibi
458 3573 563 3637 tuisve
595 3572 799 3651 detrimento,
828 3572 912 3657 quod
942 3571 1059 3637 abusus
1087 3575 1146 3638 sim
1169 3574 1315 3638 amicitia

81 3685 186 3751 nostra,
218 3695 283 3737 non
316 3671 554 3737 adnumerando
587 3672 648 3737 tibi
674 3695 804 3737 usuram
828 3672 918 3757 justo
941 3686 1096 3760 tempore.
1141 3675 1227 3739 Vide
1249 3675 1313 3750 hic,

82 3771 149 3855 quid
170 3786 278 3860 posset
301 3772 507 3854 confidentia,
530 3796 625 3861 quam
648 3773 680 3836 in
704 3784 736 3838 te
760 3772 932 3853 colloceri3
955 3797 1027 3838 nam
1052 3775 1144 3840 alteri
1165 3775 1198 3839 id
1214 3774 1313 3839 haud·

82 3891 227 3960 quaquam
257 3873 406 3939 auderem
435 3873 614 3952 obtrudere,
637 3874 722 3961 apud
745 3885 777 3937 te
800 3896 875 3938 vero
897 3874 979 3939 nihil
1002 3875 1098 3940 credo
1120 3876 1154 3940 in
1177 3875 1313 3941 deterio-

82 3990 138 4036 rem
169 3989 293 4061 partem
327 3989 497 4062 acceptum
531 3975 581 4039 iri.
633 3973 767 4038 lut-erim
794 3996 927 4039 securus
948 3988 1026 4054 estc,
1050 3975 1132 4040 nihil
1154 3976 1214 4040 tibi
1236 3975 1312 4040 inde

83 4069 255 4141 detrimenti
288 4097 467 4141 accrescere
501 4074 627 4153 debere,
660 4074 747 4161 quod
780 4074 895 4140 saltem
922 4099 940 4140 a
967 4098 1018 4140 me
1043 4076 1172 4141 refundi
1196 4088 1311 4163 potest.

83 4168 161 4239 Vale.
204 4177 325 4242 Datum
349 4175 441 4241 utin
463 4176 577 4241 literis.

155 4332 349 4396 Egenhdndigt
372 4332 495 4397 koncept
512 4333 522 4381 1
540 4330 722 4382 lesarkivet.
758 4333 813 4382 Det
831 4333 934 4382 saknar
952 4334 997 4382 rtl
1015 4333 1152 4396 daterlng‚
1171 4346 1233 4382 men
1250 4333 1314 4393 ksn,

85 4424 120 4459 om
148 4414 194 4464 det
223 4416 325 4480 stgdtt,
351 4417 381 4466 st
407 4416 563 4468 innehtllet
590 4420 633 4465 att
660 4417 743 4466 doma
768 4416 795 4480 ej
823 4419 911 4479 gdrna
937 4415 1035 4480 tetulit
1061 4416 1147 4481 negot
1172 4421 1259 4468 annet
1285 4417 1314 4468 al

85 4492 188 4548 bretren
213 4502 257 4549 till
284 4499 411 4562 Rutgsrs,
437 4504 472 4549 dn
496 4501 544 4550 det
562 4499 593 4549 at
611 4501 637 4549 d.
657 4504 671 4549 6
690 4500 765 4564 Sept.
800 4500 953 4550 Kaualerns
972 4501 1080 4551 draken
1097 4501 1266 4566 upptylldes,
1283 4506 1314 4571 ty

86 4573 196 4642 Rutgers’
222 4582 435 4646 lirdgavarandc
463 4598 569 4648 papper
595 4584 786 4647 tillvaratogos
813 4584 887 4633 efter
912 4585 983 4634 hsns
1006 4584 1062 4634 dod
1084 4585 1113 4634 al
1129 4585 1200 4635 hans
1218 4585 1316 4649 svdger

88 4657 114 4707 D·
137 4662 259 4715 Heinsius
284 4665 371 4729 itmts
395 4667 566 4718 Camerarius
585 4667 637 4719 och
655 4668 754 4720 stades
773 4668 803 4718 ad
821 4667 875 4718 den
894 4682 991 4719 serrare
1009 4668 1055 4719 till
1073 4669 1192 4734 Suerigs,
1211 4669 1263 4720 dtr
1279 4668 1315 4718 ds
