3248 5328
1222 414 1285 477 413

81 578 243 643 Bomssiae
277 577 479 654 abstinuisse,
512 578 574 643 nisi
602 578 687 664 quod
714 578 802 643 hisce
824 579 984 665 parcitum
1006 592 1141 664 cuperet
1162 581 1204 644 ob
1226 581 1327 644 affini-

80 693 193 756 tatem,
217 678 371 764 quaesibi
394 701 468 742 cum
491 677 696 743 serenissimo
719 678 866 743 Electore
889 679 964 743 d:no
980 692 1095 757 vestro,
1112 694 1147 744 et
1160 681 1327 768 religionis

80 779 357 864 conjunctionem,
391 801 462 865 quae
495 779 660 844 vobiscum
694 779 882 859 intercedit;
915 792 1010 866 etque
1038 780 1121 855 ideo,
1149 794 1185 844 ut
1206 792 1327 845 mutuae

81 879 249 945 securitati
283 893 367 945 esset
394 894 612 967 prospectum,
635 894 730 966 pocta
750 880 968 945 neutralitatis
991 881 1030 944 ub
1053 881 1147 945 initio
1169 882 1327 946 adventus

80 981 134 1044 sui
166 979 324 1044 Dronibus
357 981 472 1044 vestris
499 981 665 1046 obtulisse.
709 980 795 1044 Inita
816 981 874 1045 illa
895 994 928 1044 et
950 981 1075 1044 firmate
1098 982 1228 1068 quidem
1252 997 1328 1048 sunt

80 1104 157 1145 cum
181 1081 375 1146 Civitatibus
399 1081 675 1168 Regiomontanis,
698 1082 868 1147 accedente
893 1082 1048 1145 Dznorum
1070 1082 1254 1169 Regentum
1275 1084 1328 1148 ad·

80 1204 191 1257 sensu,
219 1182 275 1246 sed
303 1199 411 1245 tamen
433 1181 591 1246 universis
613 1182 749 1245 fruenda
770 1183 936 1268 hucusque
959 1204 1118 1259 concessa,
1142 1207 1180 1247 ee
1202 1207 1268 1269 spe,
1291 1197 1329 1248 ut

79 1284 117 1347 in
151 1282 214 1347 hoc
242 1294 347 1345 vestro
369 1296 531 1346 conventu
555 1281 594 1346 ad
616 1297 739 1346 eeteros
761 1283 1022 1347 extenderentur.
1067 1282 1219 1348 Vestrum
1242 1307 1327 1349 nunc

81 1385 146 1449 erit
179 1382 248 1469 pari
282 1382 401 1448 effectu
435 1383 465 1446 S.
499 1383 537 1446 R.
571 1383 659 1447 blrtis
692 1383 758 1447 dzni
788 1384 852 1447 mei
879 1383 983 1448 favori
1005 1385 1206 1470 respondere,
1231 1399 1328 1471 atque

80 1487 217 1570 dempta
249 1484 308 1547 hee
340 1482 569 1548 incertitudine
596 1498 629 1548 et
655 1484 861 1549 neutralitste
884 1485 974 1569 justo
997 1484 1091 1547 modo
1113 1499 1244 1571 recepte
1266 1508 1329 1551 ser-

80 1599 233 1671 vataque,
267 1583 434 1647 securitati
466 1598 582 1647 nostrae
615 1584 758 1648 vicissim
792 1606 905 1649 cavere
938 1599 1034 1671 atque
1062 1585 1212 1649 amicitiae
1239 1587 1330 1651 satis·

82 1687 201 1750 facere.

169 1786 206 1850 Id
234 1798 269 1849 ut
292 1808 437 1849 moneam
459 1798 493 1850 et
514 1784 632 1864 horter,
655 1808 706 1849 me
729 1785 860 1871 quidem
882 1785 993 1850 isthaec
1015 1786 1201 1873 impellunt:
1226 1788 1329 1872 primo

81 1886 227 1975 quidem,
261 1899 298 1950 ut
331 1887 537 1951 exsolvamur
570 1885 630 1950 bac
662 1886 906 1964 incertitudine;
940 1884 1056 1950 deinde
1086 1888 1170 1971 quod
1200 1888 1328 1952 audiam

82 1989 230 2075 legatum
255 2010 272 2050 a
295 1987 384 2073 Rege
407 1987 547 2051 Poloniae
571 1987 750 2061 advenisse,
773 1987 828 2072 qui
851 1987 971 2051 D:ones
994 2009 1076 2051 vtras
1092 1988 1328 2053 aueutrulitste

81 2105 119 2153 et
141 2088 285 2153 amicitie
308 2087 473 2151 nobiscum
495 2088 637 2152 ineunda
658 2102 691 2152 et
714 2088 795 2151 inite
816 2087 972 2151 servande
993 2087 1115 2171 injecto
1137 2102 1225 2152 metu
1246 2089 1331 2154 eliis·

82 2214 148 2277 que
171 2188 349 2253 rationibus
373 2188 554 2252 abstrahere
577 2203 727 2267 conetu13
750 2201 817 2252 tum
840 2189 926 2273 quod
949 2186 1049 2252 vetari
1072 2189 1328 2276 intelligamus

81 2291 158 2378 quis
172 2288 362 2355 vestratium
379 2288 573 2352 nostratibus
590 2288 751 2364 victualia,
768 2289 846 2352 licet
861 2287 1097 2353 interveniente
1108 2289 1199 2371 justo
1215 2290 1329 2375 pretio,

82 2393 245 2477 adportet,
279 2404 312 2453 et
340 2390 397 2475 qui
422 2388 568 2463 fecerint,
597 2389 705 2473 injus
726 2389 826 2463 trahi;
849 2412 908 2453 nec
931 2390 1057 2465 desunt,
1080 2388 1137 2474 qui
1160 2389 1330 2454 Resideuti

82 2493 116 2556 S.
139 2492 177 2555 R.
201 2490 299 2567 Mztis,
323 2489 386 2553 fide
409 2489 541 2574 publica
563 2489 661 2553 misso
683 2490 943 2576 Regiomontum,
966 2490 1138 2554 discrimen
1153 2490 1329 2570 intentent3

82 2607 123 2657 ut
154 2604 279 2656 taceam
312 2604 443 2675 captum
471 2612 506 2653 ac
534 2602 646 2654 contra
673 2589 821 2653 amicitiae
845 2590 901 2674 jus
923 2590 956 2653 iu
980 2612 1138 2654 carcerem
1163 2590 1330 2656 detrusum

83 2694 117 2757 S.
151 2693 189 2757 R.
223 2692 311 2756 Mais
344 2691 537 2769 ministrnm,
570 2691 693 2756 indicte
726 2704 823 2778 etque
852 2691 996 2755 inaudita
1018 2714 1123 2754 cause.
1168 2692 1332 2757 Postrema

82 2796 153 2858 haee
194 2793 297 2856 hebeo
334 2813 521 2878 persuasum
559 2791 722 2877 plerisque
760 2791 899 2855 Dzonurn
935 2804 1113 2856 vestrarum
1150 2793 1330 2878 displicere,

83 2918 191 2981 neque
215 2892 362 2957 Polonici
384 2892 483 2979 legati
507 2894 648 2957 adventu
672 2892 844 2956 bortatuve
863 2906 1060 2956 commotum
1075 2892 1125 2969 iri,
1142 2905 1179 2956 ut
1193 2894 1330 2957 exitioso

82 2996 148 3060 sibi
181 2993 317 3060 consilio
344 2993 466 3058 bellurn
493 2991 569 3057 hinc
592 2992 631 3056 ad
654 3015 687 3056 se
709 2991 846 3070 trabant,
870 2993 1042 3079 sedemque
1065 2994 1135 3057 eius
1157 2995 1190 3056 in
1213 2993 1330 3058 Duceli

83 3095 239 3163 Borussie
272 3094 460 3157 collocatam
488 3093 629 3179 cupiant.
676 3092 878 3180 ideoquene
901 3094 1010 3158 videar
1032 3093 1177 3158 diffidere
1200 3093 1330 3158 candori

82 3222 122 3263 ac
156 3194 335 3282 prudentiae
368 3194 509 3257 Dzonum
543 3207 730 3270 vestrarum,
763 3194 838 3257 nolo
871 3195 911 3257 iis
945 3194 1145 3280 explicandis
1174 3194 1332 3280 prolixior

82 3321 167 3373 esse,
190 3319 320 3383 sperans
343 3295 432 3361 bisce
454 3317 510 3380 per
532 3318 589 3358 vos
612 3294 741 3359 facilius
763 3293 940 3358 remedium
963 3295 1101 3359 inveniri
1124 3318 1228 3381 posse.

172 3397 244 3461 Hoc
267 3410 394 3461 tantum
418 3395 509 3473 addo,
533 3418 608 3459 cum
630 3408 737 3459 nostra
759 3396 897 3471 intersit,
921 3396 998 3481 quid
1023 3396 1149 3460 consilii
1172 3396 1256 3482 apud
1273 3419 1330 3459 vos

83 3490 256 3583 cupiatur,
276 3520 393 3585 rogans
427 3521 473 3572 ea,
507 3510 543 3560 ut
574 3497 623 3559 ita
655 3495 758 3559 velint
790 3497 909 3560 D=ones
939 3519 1012 3560 vzrae
1034 3496 1181 3582 dirigere,
1204 3519 1244 3560 ne
1267 3519 1331 3560 non

84 3599 184 3664 modo
218 3599 247 3662 S.
282 3599 320 3663 R.
354 3597 426 3662 Mzti
453 3598 528 3661 d:no
555 3620 638 3671 meo,
662 3595 700 3660 ad
724 3619 856 3660 vernum
879 3610 1005 3683 tempus
1028 3596 1137 3661 divina
1160 3598 1331 3662 adiuvante

84 3698 262 3764 clementia
293 3698 433 3763 feliciter
465 3697 622 3773 redeunti,
656 3698 711 3761 sed
745 3720 785 3761 ne
819 3697 899 3762 mihi
931 3720 1057 3784 quoque
1085 3698 1215 3762 absente
1239 3698 1270 3761 S.
1294 3698 1332 3762 R.

85 3800 169 3865 Mzte
191 3799 313 3863 bellum
336 3799 374 3863 ad
398 3821 455 3862 vos
477 3796 692 3863 transferendi
714 3798 886 3863 necessitas
902 3799 1095 3883 imponatur.
1127 3798 1229 3862 Sicuti
1245 3798 1332 3862 enim

79 3903 162 3987 jure
183 3900 340 3977 amicitie,
364 3901 441 3964 dum
463 3922 502 3964 ea
523 3900 646 3964 sincere
669 3899 773 3963 colere
797 3899 953 3963 Dronibus
976 3899 1051 3963 vzris
1074 3899 1189 3986 placet,
1207 3922 1331 3963 summo

85 4000 198 4065 studio
220 4023 290 4065 sum
313 4001 551 4077 observaturus,
573 4023 633 4063 uec
652 4000 803 4085 cuiquem
818 4001 1007 4064 vestratium
1024 3999 1063 4064 de
1079 4001 1168 4086 regio
1184 4000 1332 4064 exercitu

80 4102 208 4187 justam
242 4100 461 4187 conquerendi
489 4123 617 4164 causam
644 4100 842 4185 prebiturus,
871 4099 917 4163 its
944 4100 969 4164 si
991 4100 1181 4165 intellexero
1204 4122 1331 4164 osorum

85 4202 178 4289 pacis
210 4202 318 4266 studia
350 4201 548 4287 consiliaque
582 4203 667 4288 apud
694 4223 751 4265 vos
776 4201 957 4287 praevalere,
980 4223 1044 4263 non
1067 4200 1236 4265 defuturus
1259 4221 1331 4263 sum

86 4303 196 4368 officio
229 4324 302 4366 meo
335 4326 372 4366 ac
405 4301 571 4368 securitati
603 4302 764 4367 exercitus
797 4301 889 4387 regii,
924 4302 1001 4387 quin
1029 4301 1114 4386 quod
1136 4300 1236 4364 fuerit
1258 4324 1276 4363 e
1298 4323 1333 4365 re

85 4415 207 4481 nostra,
230 4403 357 4467 reiectis
381 4402 688 4467 considerationibus
710 4402 825 4466 ceteris
848 4425 866 4465 a
889 4401 1048 4465 l):onibus
1070 4401 1184 4464 vestris
1206 4401 1332 4485 spretis,

86 4505 150 4568 sim
180 4503 340 4583 facturum
362 4503 513 4590 qnodque
535 4503 680 4568 evenerit
702 4502 807 4567 minus
829 4517 966 4585 gratum,
989 4501 1055 4564 illis
1079 4501 1197 4565 D=ones
1220 4516 1333 4566 vestre

86 4606 264 4691 imputent,
287 4604 344 4691 qui
365 4604 573 4669 consiliorum
595 4603 777 4669 istiusmodi
800 4603 949 4667 authores
972 4600 1161 4686 ex[s]titere.
