3212 5352
329 472 390 535 196

283 783 340 838 96.
376 780 446 836 'riu
459 779 564 836 Furst
579 777 657 834 Chr.
673 777 851 835 Bedalwil.
894 778 1019 846 naeres
1033 776 1091 834 vid
1105 777 1217 834 Eitau
1228 778 1261 834 d.
1274 779 1317 834 26
1329 779 1423 846 sept.
1435 779 1534 833 less.

280 988 412 1046 'Forcsltr
435 993 591 1059 utbytande
610 995 678 1045 oller
696 993 868 1055 tterlssnlng
886 994 915 1043 al
933 992 1018 1055 nigra
1035 994 1184 1041 forsrunue
1202 996 1317 1055 ryttcre,
1335 1007 1393 1043 som
1411 993 1535 1057 trollgcn

280 1086 283 1093 ’
369 1080 450 1130 rtkst
476 1082 486 1129 t
512 1078 694 1142 polackarnes
721 1076 792 1125 vuld.
836 1076 961 1141 Redogbr
987 1077 1031 1126 for
1056 1076 1126 1125 huru
1149 1076 1478 1140 fredsldrbandllngarne
1497 1077 1536 1125 st·

369 1164 471 1213 brutlta
499 1176 597 1225 genom
625 1161 672 1211 det
700 1160 847 1224 skflndllga
873 1160 1088 1210 bortrotvandst
1113 1160 1142 1209 at
1168 1160 1244 1208 Hom
1269 1161 1321 1210 och
1344 1161 1464 1221 Salvius,
1482 1161 1536 1210 och

281 1288 284 1293 ,
369 1249 439 1299 burn
461 1262 497 1297 en
518 1248 640 1308 bertran
657 1244 701 1296 till
719 1245 754 1294 de
772 1244 868 1307 polaks
886 1243 1128 1294 kommlssarlerna
1146 1258 1189 1294 om
1209 1244 1290 1294 doras
1307 1245 1441 1295 balrlelse
1461 1250 1536 1295 §nnn

282 1366 285 1375 ι
369 1333 394 1397 ej
413 1333 565 1391 besterna,
582 1330 693 1380 hredun
712 1329 805 1380 dossas
824 1330 914 1378 allrar
929 1327 992 1377 med
1005 1327 1221 1390 forbandlingen
1233 1334 1328 1391 syrtes
1341 1329 1536 1394 tritvelaktlg.

371 1417 478 1466 Summa
495 1416 617 1479 begtran
634 1414 721 1463 riktas
740 1412 836 1462 dirior
853 1427 890 1463 nu
908 1412 954 1461 tlll
973 1412 1011 1471 R..
1028 1413 1039 1460 1
1056 1412 1131 1475 hopp
1150 1417 1194 1462 att
1212 1413 1303 1462 denne
1320 1414 1385 1464 med
1399 1428 1482 1464 mera
1493 1415 1537 1464 nit

371 1501 436 1550 rllle
463 1498 602 1563 betramja
629 1496 810 1557 tredsverket,
838 1510 895 1546 som
922 1500 990 1544 utan
1013 1496 1207 1546 sendebndens
1227 1497 1374 1562 frlgltning
1393 1498 1418 1562 ej
1440 1498 1536 1548 kunde

370 1584 472 1646 tortgd.

703 1708 924 1775 illustrissimo
948 1709 1110 1794 Princeps.

370 1848 513 1912 Emissos
536 1845 690 1931 quosdam
712 1844 838 1930 equites
859 1856 986 1908 nostros
1008 1843 1313 1931 Baudschenburgo,
1336 1869 1411 1909 cum
1437 1870 1483 1911 ex
1498 1870 1536 1910 eo

286 1973 350 2014 non
377 1949 442 2012 sint
468 1946 596 2024 reversi,
619 1944 773 2010 credibile
795 1945 898 2008 estin
922 1967 1034 2008 munus
1057 1945 1245 2009 vestratium
1267 1944 1436 2010 incidisse.
1476 1947 1537 2011 Pu·

286 2051 354 2115 tavi
378 2062 486 2113 autem
508 2046 721 2111 humanitatis
743 2058 857 2109 nostrae
879 2067 947 2109 esse
969 2046 1130 2132 inquirere
1154 2045 1193 2108 de
1209 2046 1394 2110 conditione
1410 2070 1536 2125 eorum,

284 2164 324 2216 ut
351 2150 403 2215 vel
431 2148 521 2213 caesis
542 2146 671 2212 fortiter
694 2146 907 2234 pugnantium
930 2145 999 2210 leus
1023 2144 1230 2223 adscribetur,
1254 2147 1307 2212 rel
1329 2149 1474 2235 captivis
1496 2149 1536 2214 de

284 2251 509 2336 redemptione
546 2246 770 2334 prospiciatur.
829 2248 898 2311 Nec
936 2246 1065 2334 ambigo
1102 2245 1353 2333 lll[uatrita]tem
1391 2264 1537 2314 vestrum

289 2353 443 2417 virtutem
466 2351 500 2414 in
523 2348 614 2413 hoste
637 2348 838 2425 dilecturam,
861 2348 970 2411 rniseri
992 2369 1069 2411 vero
1091 2345 1241 2426 hominis,
1257 2364 1293 2412 ut
1309 2363 1358 2414 est
1374 2350 1536 2437 captivus,

287 2466 408 2517 statum
432 2448 654 2515 calamitosum
677 2449 982 2523 commiseraturam,
1004 2447 1142 2534 ideoque
1163 2472 1228 2513 non
1248 2448 1426 2515 difficulter
1442 2451 1536 2516 nobis

291 2552 554 2640 significaturum,
587 2572 650 2636 quo
678 2550 749 2614 loco
771 2548 851 2614 dicti
874 2549 999 2635 equites
1021 2549 1123 2613 nostri
1146 2550 1220 2628 aiut,
1243 2563 1277 2613 et
1298 2550 1324 2613 si
1347 2552 1405 2637 qui
1431 2551 1537 2617 adhuc

281 2655 322 2718 in
355 2652 439 2716 rivis
472 2665 557 2727 sunt,
590 2650 664 2714 illos
695 2650 748 2713 vel
782 2650 1033 2714 commutatione
1062 2649 1213 2714 institute
1239 2651 1293 2714 vel
1310 2650 1402 2735 justo
1428 2653 1537 2738 precio

290 2753 525 2820 interveniente
547 2751 690 2817 libertati
713 2749 855 2837 pristinae
878 2773 914 2814 ac
937 2751 1028 2815 nobis
1051 2751 1280 2815 restituturam.

372 2855 492 2919 Praeter
524 2853 585 2917 hoc
613 2853 753 2916 occurrit
778 2851 860 2915 mibi
888 2851 976 2916 aliud
1003 2851 1147 2938 epistole
1170 2864 1407 2940 argumentum,
1434 2853 1537 2942 megia

288 2957 387 3023 etiem
420 2976 563 3018 movens.
618 2952 843 3017 Commearunt
877 2967 985 3016 aestete
1018 2953 1177 3038 preterit—n
1206 2953 1338 3039 plurimi
1360 2955 1480 3019 nuncii
1502 2978 1537 3019 sc

289 3058 391 3122 litere
413 3057 498 3120 inter
520 3077 570 3118 rue
586 3068 619 3118 et
633 3054 727 3118 initio
743 3052 950 3141 magnificum
966 3055 1076 3118 dmum
1092 3054 1303 3119 castellanum
1316 3054 1537 3133 Vendensem,

289 3156 404 3223 deinde
437 3156 553 3221 illzrem
586 3155 696 3219 dznum
724 3154 901 3240 palatinum
930 3153 1216 3219 blacislavicnsem.
1260 3155 1304 3219 Hi
1328 3156 1471 3222 subinde
1494 3156 1538 3222 fe·

289 3270 401 3322 cerunt
428 3279 518 3343 spem
545 3254 700 3319 adventus
722 3255 851 3343 properi
873 3254 1173 3332 commissariorum,
1195 3254 1325 3320 interim
1349 3257 1537 3323 iniicientes

289 3357 484 3424 mentionem
510 3355 708 3444 quorundam
732 3368 886 3421 tractatus
908 3355 1010 3420 futuri
1033 3355 1342 3443 praeparutoriorum.
1388 3357 1538 3422 Advenit

289 3459 416 3524 tondem
439 3457 531 3522 illzris
553 3458 646 3522 dmus
669 3456 832 3542 palatinus
855 3456 1075 3535 Masoviensis,
1098 3457 1155 3544 qui
1178 3468 1370 3543 potestatem
1391 3480 1432 3523 ac
1454 3482 1538 3523 man·

279 3550 365 3625 'data
397 3581 508 3622 secum
540 3558 624 3622 ferre
657 3556 834 3634 dicebatur,
869 3570 964 3643 atque
997 3556 1051 3621 hic
1078 3581 1153 3622 cum
1180 3557 1269 3622 dicto
1291 3559 1366 3623 dzno
1389 3559 1538 3645 palatino

290 3657 537 3735 lllscislaviensi,
570 3657 675 3721 missis
707 3658 796 3722 illico
829 3656 931 3721 tribua
964 3656 1126 3722 nobilibus
1156 3658 1377 3747 subdelegatis
1404 3659 1478 3723 suis
1500 3659 1537 3723 ed

289 3782 352 3838 me,
386 3773 419 3825 et
452 3758 492 3824 de
524 3758 596 3822 loco
629 3780 816 3845 congressus
849 3780 944 3845 agere
971 3757 1068 3845 cepit,
1091 3772 1124 3823 et
1146 3760 1289 3846 diploma
1311 3760 1539 3825 securitatise

290 3862 320 3926 S.
355 3862 393 3926 R.
428 3860 507 3924 M:te
540 3860 615 3924 dzno
648 3883 719 3924 meo
745 3858 996 3924 clementissimo
1023 3861 1193 3945 expetivit,
1221 3875 1317 3948 atque
1340 3862 1538 3926 sententiam

288 3976 432 4027 nostram
465 3961 505 4025 de
539 3961 694 4025 comitatu
721 3961 825 4047 prorui
851 3960 988 4048 rogavit.
1032 3961 1157 4048 Excepi
1180 3961 1254 4026 illos
1277 3976 1309 4026 et
1331 3962 1454 4038 dimisi,
1476 3985 1538 4049 que

289 4063 385 4150 potui
419 4085 456 4127 ac
488 4062 684 4126 conveniens
711 4074 778 4126 erat
804 4061 1018 4139 humanitate;
1041 4084 1178 4148 cumque
1200 4061 1282 4127 mihi
1303 4064 1465 4127 nonnulla
1486 4062 1539 4127 ob·

289 4165 451 4239 sisterent,
483 4162 656 4248 quominus
690 4163 728 4226 ed
762 4161 890 4249 singula
916 4176 982 4225 tam
1009 4177 1142 4247 repente
1169 4178 1308 4228 mentem
1332 4186 1462 4250 possem
1484 4187 1537 4228 ex·

290 4262 411 4349 plicare
444 4285 558 4339 meam,
591 4263 674 4326 intra
699 4261 834 4328 biduum
857 4286 908 4327 me
933 4263 1038 4327 missis
1061 4262 1280 4351 subdelegatis
1301 4265 1384 4329 meis
1405 4288 1537 4353 reapon-

277 4386 400 4428 ·surnm
422 4385 540 4448 recepr.

375 4463 534 4528 Invitatus
564 4487 641 4551 ergo
668 4464 819 4551 exemplo
841 4466 1132 4530 commissariorum
1154 4466 1353 4539 vestratium,
1377 4469 1536 4533 subnixus

291 4562 356 4627 fide
388 4564 518 4649 publice
551 4576 585 4629 et
611 4565 811 4631 humanitate
838 4567 944 4653 gentis
966 4580 1089 4644 vestrae,
1111 4566 1196 4631 nihil
1217 4567 1326 4632 minus
1347 4582 1535 4656 expectens,

291 4686 388 4751 quom
410 4665 465 4747 jus
492 4666 647 4753 gentium,
670 4666 817 4754 inprimis
839 4667 916 4731 dum
939 4680 1094 4732 tractatus
1117 4669 1206 4754 pacis
1228 4683 1368 4757 uterque
1390 4686 1534 4736 nostrum
