3264 5354
331 399 372 461 42

289 564 504 642 mitterentur,
537 565 593 651 qui
627 589 702 629 cum
736 564 767 629 S.
794 565 832 629 R.
863 564 942 629 M:te
968 566 1008 629 de
1036 564 1163 631 cunctis
1186 577 1252 628 tam
1273 563 1402 631 federis
1425 563 1541 627 condi·

288 664 436 729 cionibus
469 688 566 752 quarn
599 665 645 730 rei
678 666 828 752 geruudae
861 664 957 729 modo
988 689 1022 730 ac
1045 665 1168 731 ratione
1191 665 1438 742 concluderent,
1461 686 1560 728 cum.

288 766 387 830 facile
420 765 463 830 sit
488 766 682 842 existimare,
711 764 742 829 S.
766 767 803 830 R.
828 766 939 831 Mztem
962 767 1043 830 tanti
1065 766 1222 830 momenti
1244 764 1427 852 negocium,
1450 764 1540 851 quod

289 879 390 930 totam
413 866 548 931 salutem
571 889 662 930 suam
686 889 723 930 uc
745 867 837 953 regni
859 867 1035 941 concernit,
1058 867 1134 931 fidei
1157 889 1192 930 sc
1214 865 1382 930 iudustriae
1398 866 1543 929 alicuius

289 966 391 1053 legati
418 989 481 1030 non
507 966 595 1051 sitm
619 968 881 1049 commissura(!),
904 967 1001 1054 idque
1023 980 1057 1030 et
1077 966 1139 1031 tibi
1162 980 1196 1031 ct
1217 966 1352 1053 Speusio
1374 967 1541 1053 prasenti-

290 1067 349 1131 bus
383 1080 466 1131 esset
500 1067 727 1155 significatum.
780 1067 886 1134 «lussit
912 1081 1018 1133 tamen
1041 1067 1111 1131 Rex
1134 1090 1224 1132 meus
1247 1068 1413 1131 dominnm
1437 1066 1542 1153 Spen-

289 1168 374 1232 sium
408 1182 442 1230 et
474 1168 716 1255 Ruthgersium,
750 1168 943 1232 residentem
976 1167 1045 1232 illic
1072 1190 1177 1244 suurn,
1206 1167 1315 1232 adesse
1339 1181 1373 1232 et
1394 1180 1540 1231 mentem

290 1267 321 1330 S.
355 1268 393 1332 R.
426 1268 517 1332 Mztis
544 1268 710 1332 adversum
739 1280 918 1333 ceterorum
948 1268 1131 1355 principum
1154 1269 1278 1354 legatos
1301 1268 1472 1344 declarare,
1497 1269 1541 1331 si·

289 1369 422 1454 quidem
455 1382 489 1432 et
520 1368 657 1456 legatus,
691 1369 874 1455 quicunque
907 1368 983 1433 hinc
1010 1370 1135 1447 missus,
1162 1369 1244 1433 nihil
1267 1370 1426 1455 potuisset
1449 1369 1540 1432 aliud

289 1483 450 1556 praestare,
477 1492 572 1556 quum
601 1493 620 1533 a
646 1470 770 1545 ceteris,
799 1469 878 1556 quid
906 1470 1062 1533 sentirent
1089 1470 1251 1556 principes
1277 1469 1317 1534 de
1340 1469 1541 1534 condicioni·

290 1570 350 1634 bus
387 1570 572 1658 propositis,
610 1593 803 1655 cognoscere
842 1593 878 1634 ac
915 1569 1051 1646 referre,
1088 1584 1188 1657 utque
1226 1570 1290 1634 huc
1323 1571 1363 1635 de
1399 1570 1540 1658 negocio

290 1687 397 1736 sctum
427 1671 631 1736 mitterentur
659 1671 759 1757 legati
786 1670 1093 1747 Consederatorum,
1115 1671 1212 1735 sicuti
1234 1671 1301 1735 haec
1325 1673 1432 1735 omnia
1454 1669 1540 1734 scies

292 1773 473 1836 accuratius
521 1795 540 1835 a
582 1772 677 1836 dictis
721 1771 859 1835 dominis
908 1770 1042 1858 Speusio
1085 1786 1118 1836 et
1161 1770 1357 1859 Rutbgcrsio
1400 1772 1540 1858 ipsoque

289 1872 421 1935 domino
455 1870 646 1936 Camerurio.
702 1870 784 1936 Cum
818 1873 904 1936 enim
938 1895 1002 1958 quo
1035 1872 1106 1936 loco
1139 1895 1225 1937 nunc
1259 1872 1312 1950 sis,
1344 1895 1407 1937 uon
1438 1873 1539 1936 facile

290 1973 472 2056 conjiciam,
496 1996 532 2036 ac
555 1973 656 2037 literae
680 1995 758 2037 meae
781 1973 891 2037 forsan
914 1973 1036 2038 tordius
1053 1971 1238 2050 reddantur,
1256 1972 1381 2060 prolixe
1396 1973 1539 2037 scribere

290 2074 494 2158 supersedeo.

376 2174 446 2237 Hoc
480 2187 605 2238 tantum
640 2174 731 2248 addo,
761 2173 792 2237 S.
820 2174 857 2238 R.
881 2173 954 2238 Mzti
975 2174 1107 2238 domino
1129 2197 1202 2239 meo
1225 2175 1417 2239 seutentiam
1441 2188 1539 2247 stare,

285 2276 402 2359 juvare
436 2275 555 2339 umicos
588 2288 621 2338 et
653 2298 720 2338 rem
747 2296 951 2338 communem
974 2274 1108 2360 eiusque
1131 2298 1239 2340 curam
1262 2275 1297 2339 in
1320 2297 1353 2340 sc
1376 2275 1538 2361 recipere;

290 2388 404 2439 cuncta
436 2397 565 2462 quoquc
599 2399 641 2440 ex
673 2376 733 2439 hac
767 2388 857 2460 perte
883 2376 952 2440 fore
982 2392 1100 2462 perata,
1129 2399 1200 2461 quae
1222 2376 1378 2461 promissa
1401 2390 1485 2454 snut,
1509 2377 1538 2439 si

291 2476 399 2552 ceteri,
422 2476 493 2540 Rex
516 2476 700 2549 Britanniae,
724 2476 949 2563 principesque
973 2499 1010 2540 ac
1032 2477 1181 2540 civitates
1202 2476 1385 2553 Germane,
1402 2499 1537 2563 quorum

292 2576 425 2641 interest
456 2599 524 2640 rem
557 2598 760 2640 communem
787 2576 915 2641 restitui
938 2600 974 2641 ac
997 2577 1188 2651 conservari,
1213 2578 1404 2643 accesserint
1426 2576 1539 2641 condi-

291 2676 502 2763 cionibusquc
536 2700 554 2739 a
586 2676 676 2763 Rege
707 2699 778 2741 meo
800 2676 974 2764 propositis
996 2678 1222 2742 satisfecerint.
1267 2676 1336 2741 Scis
1358 2678 1472 2764 quanti
1495 2680 1540 2742 sit

292 2778 441 2864 ponderis
467 2778 651 2864 negocium,
680 2792 804 2842 tantum
829 2778 1009 2864 principem
1031 2801 1161 2841 movere
1183 2778 1265 2854 loco,
1288 2793 1321 2841 et
1343 2792 1380 2841 ut
1402 2801 1421 2842 a
1442 2793 1539 2866 cepto

290 2878 444 2943 deflectat
466 2877 688 2966 destinatuque
712 2902 768 2943 suu
791 2891 905 2957 mutet,
928 2879 1105 2965 impellere.
1144 2879 1271 2943 Maturo
1293 2879 1438 2956 consilio,
1462 2903 1539 2944 con·

290 2992 396 3044 stante
419 2979 594 3066 proposito,
617 2980 742 3066 magnis
764 2980 888 3044 viribus
910 3002 990 3066 opus
1013 2994 1075 3058 est;
1099 2979 1125 3042 si
1147 2980 1218 3066 quis
1233 2980 1265 3043 id
1282 2980 1411 3045 adortus
1426 2981 1539 3059 fuerit,

291 3081 417 3144 cunctis
454 3093 528 3144 ante
561 3103 625 3143 non
660 3080 843 3166 ponderatis
877 3103 914 3144 uc
948 3080 1100 3166 praevisis,
1134 3080 1306 3168 deceptum
1340 3104 1373 3146 se
1405 3083 1537 3146 tandem

291 3181 410 3245 frustra
431 3179 647 3267 quiritabitur.
692 3181 742 3245 Tu
765 3182 874 3267 ituque
898 3204 955 3267 pro
978 3203 1084 3245 amore
1107 3180 1230 3267 publici
1247 3181 1324 3245 boni
1340 3196 1397 3245 tuo
1412 3205 1539 3269 proque

292 3305 417 3346 summo
449 3300 556 3345 rerum
585 3282 795 3368 gerendarum
824 3305 882 3345 usu
910 3281 942 3344 in
967 3280 1018 3344 his
1040 3281 1177 3358 elabora,
1202 3297 1237 3347 ut
1260 3282 1339 3346 talis
1359 3283 1461 3346 futuri
1484 3284 1540 3346 fte-

291 3382 376 3447 deris
408 3383 620 3447 fundamenta
648 3382 821 3468 jaciantur,
849 3405 919 3469 quse
945 3382 1081 3468 provido
1104 3382 1227 3447 homini
1250 3404 1286 3446 ac
1308 3397 1426 3447 cuncta
1448 3385 1541 3470 peni·

292 3483 357 3545 tius
389 3483 530 3547 intuenti
563 3505 653 3569 spem
684 3506 749 3546 non
783 3483 938 3560 minuere,
966 3483 1020 3547 sed
1050 3506 1168 3568 augere
1195 3497 1340 3569 possunt.
1384 3482 1539 3569 Inprimis

293 3583 334 3645 da
361 3605 502 3669 operum,
531 3595 569 3647 ut
595 3583 749 3670 pecuniae,
773 3607 842 3670 quae
865 3584 956 3647 nervi
978 3597 1055 3647 sunt
1076 3606 1181 3648 rerum
1204 3585 1428 3671 gerendarum,
1448 3585 1539 3668 justa

292 3684 472 3768 quantitate
506 3683 710 3772 colligantur,
738 3683 992 3748 Amstelrodumi
1018 3686 1051 3749 in
1074 3685 1183 3749 Benco
1206 3685 1265 3749 sub
1288 3685 1417 3750 nomine
1441 3685 1471 3749 S.
1499 3686 1537 3750 R.

292 3782 382 3847 Mztis
405 3784 615 3869 deponantur,
637 3798 675 3847 ut
696 3810 713 3849 e
738 3785 886 3871 vestigio,
914 3808 988 3848 cum
1011 3785 1050 3849 de
1072 3784 1317 3849 condicionibus
1340 3787 1537 3863 convenerit,

293 3883 385 3949 miles
418 3884 586 3961 conscribi,
620 3904 705 3948 arma
738 3886 841 3972 parari
875 3909 910 3949 ac
944 3884 1054 3949 classis
1087 3885 1198 3951 haberi
1232 3886 1342 3974 possit,
1369 3909 1538 3974 quousque

291 4009 402 4050 eorum
446 4008 527 4049 onus
568 3986 683 4049 ceteris
724 3985 883 4051 faederatis
920 3985 1087 4050 incumbit.
1146 3988 1269 4073 Regem
1306 3988 1391 4051 enim
1429 4009 1538 4050 meum

292 4088 378 4173 quod
417 4088 543 4162 attinet,
580 4086 608 4150 is
647 4100 776 4173 paratus
814 4101 872 4165 est,
912 4100 948 4151 ut
986 4087 1055 4151 sine
1092 4110 1188 4164 mora,
1226 4111 1301 4151 cum
1338 4088 1537 4163 convenerit,

292 4187 463 4273 negocium
496 4187 557 4251 hoc
590 4188 633 4251 sit
666 4187 883 4275 adgressurus,
920 4203 1101 4273 cunctaque
1134 4211 1175 4252 ex
1208 4188 1268 4252 bae
1301 4203 1392 4274 parte
1426 4200 1539 4275 parata

292 4286 468 4351 habiturus.
524 4288 601 4352 Haec
635 4311 710 4353 vera
744 4289 902 4374 uniceque
935 4290 1017 4353 ratio
1050 4301 1100 4353 est
1132 4289 1311 4353 maturandi
1338 4289 1477 4376 negocii,
1506 4300 1540 4351 et

293 4387 323 4451 S.
357 4387 394 4451 R.
428 4387 542 4454 Mttem
576 4389 785 4454 adsccurandi
818 4412 886 4454 rem
913 4390 995 4453 serio
1024 4390 1087 4477 agi.
1136 4390 1261 4454 Deinde
1284 4401 1317 4454 et
1339 4388 1371 4452 id
1396 4388 1539 4453 elabora:

293 4489 351 4565 bis,
392 4504 427 4553 ut
463 4490 565 4577 legati
602 4490 897 4555 Confaederatorum
934 4489 999 4554 huc
1036 4490 1206 4554 mittantur
1238 4490 1428 4576 tempestive
1461 4512 1537 4554 cum

292 4588 451 4654 mandatis
485 4591 525 4655 de
558 4592 673 4665 ceteris
707 4591 949 4656 condicionibus
983 4614 1057 4655 cum
1090 4591 1179 4677 Rege
1213 4614 1284 4655 meo
1308 4588 1537 4656 concludendis
