3264 5354
330 473 351 534 4

287 637 452 703 sentirem.
500 636 620 701 Verum
647 649 812 702 retentum
839 636 1007 713 hactenus,
1030 638 1116 725 quod
1140 637 1340 716 dubitabam,
1363 638 1458 702 auid
1481 639 1538 702 vel

287 737 432 824 Principi
466 750 524 802 tuo
550 738 604 802 vel
631 737 692 803 tibi
714 737 778 824 ipsi
800 751 928 822 gratnm
951 752 1037 802 esset
1060 737 1217 814 futurum,
1246 739 1407 825 permovit
1429 738 1538 826 primo

288 838 446 903 adventus
474 838 589 925 optimi
613 861 650 903 sc
672 837 915 927 prudentissimi
938 840 1001 903 riri
1025 838 1150 903 domini
1172 838 1315 917 Bellinii,
1338 854 1409 904 tum
1430 839 1536 905 literoe

287 952 350 1004 tuae
379 940 417 1003 ad
445 962 496 1003 me
518 940 601 1004 datae
624 942 664 1003 14
687 939 845 1004 Novemb.
870 941 945 1003 anni
969 940 1133 1026 preteriti,
1156 962 1192 1004 ao
1214 938 1346 1004 redditae
1369 940 1450 1005 mihi
1472 940 1536 1005 hoc

286 1061 395 1105 menso
418 1063 477 1126 per
499 1040 704 1105 tabellarium
728 1052 871 1103 vestrum
883 1041 920 1123 ¹),
943 1040 1062 1128 quibus
1080 1053 1234 1127 exempto
1260 1040 1414 1128 scrupulo
1433 1042 1534 1117 omni,

285 1141 357 1205 Rex
384 1163 475 1205 meus
498 1142 607 1226 jussit,
634 1153 672 1205 ut
692 1152 799 1204 tecum
822 1141 1150 1206 communicationem
1173 1142 1212 1206 de
1235 1141 1330 1207 rebus
1352 1142 1391 1206 ad
1415 1144 1537 1206 utrius·

285 1264 349 1328 que
382 1256 416 1305 et
448 1264 541 1306 sunm
574 1256 608 1306 et
641 1242 800 1328 Principis
833 1243 883 1306 tui
916 1255 1035 1307 statum
1069 1242 1303 1328 pertinentibus
1336 1255 1370 1307 et
1396 1243 1536 1330 cognitu

285 1341 421 1407 utilibus
444 1343 659 1407 instituerem.

370 1443 504 1508 Gratum
533 1443 628 1507 initio
656 1442 686 1506 S.
710 1443 746 1506 R.
771 1443 843 1508 Mei
870 1456 920 1507 est
948 1466 996 1520 es,
1019 1467 1090 1530 quse
1112 1442 1165 1508 hic
1188 1466 1261 1508 cum
1284 1444 1427 1509 Bellinio
1449 1458 1534 1520 acta,
1559 1496 1564 1501 .

284 1546 317 1627 in
353 1545 507 1631 optimam
541 1558 665 1630 partem
699 1543 739 1607 ab
772 1543 921 1608 Electore
950 1558 1056 1608 vestro
1083 1557 1216 1630 accepta
1237 1566 1318 1620 esse,
1340 1558 1534 1632 tantumque

284 1646 436 1719 valuisse,
471 1658 508 1709 ut
541 1643 708 1710 Celsitudo
736 1645 839 1730 ipsius
865 1666 940 1709 suos
964 1666 1021 1730 per
1043 1643 1247 1710 Germaniam
1269 1646 1303 1708 in
1327 1645 1463 1710 Galliam
1486 1659 1535 1710 st·

285 1768 347 1832 que
382 1746 535 1832 Angliam
570 1744 702 1819 miserit,
736 1745 792 1831 qui
826 1745 998 1832 negocium
1026 1744 1110 1810 illud
1137 1759 1273 1830 urgeant
1294 1759 1328 1810 et
1350 1746 1533 1834 impellant.

285 1846 415 1934 Optime
443 1845 524 1910 facit
552 1845 719 1911 Celsitudo
747 1845 847 1931 ipsius
876 1860 909 1910 ct
931 1870 948 1909 e
972 1869 1005 1910 re
1027 1846 1190 1911 communi
1214 1870 1250 1912 ac
1273 1846 1431 1912 libertatis
1453 1848 1534 1913 Ger·

284 1947 410 2024 maniae,
443 1948 529 2034 quod
563 1948 598 2011 in
631 1946 691 2011 hac
726 1945 856 2033 publica
890 1948 1032 2010 omnium
1062 1947 1255 2023 calamitate,
1278 1961 1410 2035 raptura
1432 1947 1533 2034 paulo

284 2063 358 2134 post
381 2049 479 2113 etiam
503 2071 567 2124 eos,
590 2047 647 2134 qui
669 2047 887 2112 neutralitatis
908 2048 1033 2112 fascino
1056 2049 1213 2113 incantati
1235 2072 1269 2113 se
1291 2060 1380 2112 tutos
1403 2062 1532 2134 putant,

283 2171 348 2213 non
383 2172 470 2214 more
505 2148 641 2213 aliorum
675 2148 868 2235 comprimat
901 2170 1025 2224 manus,
1054 2149 1109 2213 sed
1138 2148 1176 2212 ad
1206 2149 1313 2213 valida
1335 2148 1469 2214 consilia
1492 2173 1532 2214 ac

283 2251 382 2314 fortia
413 2251 510 2327 facto,
545 2248 663 2335 quibus
696 2248 772 2313 solis
801 2247 976 2313 seeundum
1004 2250 1109 2314 Deum
1132 2248 1265 2335 publica
1285 2250 1418 2314 libertas
1439 2273 1532 2315 recu-

284 2351 388 2438 perari
422 2373 458 2413 ac
491 2351 674 2415 conservari
703 2362 819 2435 potest,
848 2350 990 2413 animum
1018 2349 1185 2436 adiungat.
1230 2352 1260 2413 S.
1285 2350 1321 2413 R.
1345 2351 1451 2429 Mztas,
1474 2351 1532 2415 do·

283 2452 390 2516 minus
423 2473 525 2526 meus,
559 2463 703 2515 mentem
729 2472 819 2513 suam
850 2449 991 2515 ubertim
1020 2450 1180 2536 explicuit
1212 2450 1344 2515 domino
1377 2452 1531 2529 Bellinio,

283 2574 380 2638 quern
404 2565 520 2616 cuncta
540 2564 628 2616 recte
651 2551 800 2615 retulisse
822 2573 886 2614 non
908 2551 1033 2628 dubito,
1056 2564 1090 2616 et
1106 2575 1148 2615 ex
1163 2550 1265 2615 literis
1282 2554 1347 2615 tuis
1363 2552 1531 2638 iutellig03

283 2676 343 2717 nec
376 2652 578 2730 dubitabitis,
612 2652 690 2739 quin
724 2651 753 2714 S.
789 2651 884 2715 Mnus
917 2651 1070 2717 effectum
1104 2651 1261 2739 propositi
1294 2652 1345 2716 sui
1378 2652 1531 2718 moliatur

282 2769 423 2830 strenue,
456 2755 483 2818 si
515 2753 550 2817 id
583 2753 709 2829 ceteris,
743 2774 880 2838 quorum
907 2753 1051 2831 interest,
1081 2752 1249 2838 placuerit,
1274 2775 1335 2818 nec
1359 2768 1532 2819 revocetur

282 2855 409 2919 invidia
434 2853 626 2919 vicinorum.
669 2852 806 2917 Interim
829 2854 1055 2918 maturandum
1078 2855 1249 2939 negocium
1272 2854 1334 2918 erit
1355 2878 1398 2919 ex
1420 2869 1531 2920 vestra

283 2969 382 3042 parte,
418 2970 455 3019 nt
488 2955 519 3018 S.
554 2955 647 3018 Mztas
680 2953 875 3039 tempestive
908 2954 1072 3042 intelliget
1105 2968 1244 3019 mentem
1278 2969 1457 3020 ceterorum
1486 2956 1529 3021 de

283 3056 420 3144 singulis
455 3055 524 3119 eius
552 3055 682 3142 negocii
709 3052 880 3140 capitibus,
909 3077 972 3141 quo
995 3056 1072 3142 quid
1095 3056 1281 3120 feciendum
1305 3056 1366 3120 sibi
1390 3056 1441 3135 sit,
1464 3070 1529 3121 sta·

283 3171 362 3233 tuat,
386 3172 419 3221 et·
441 3169 532 3243 paret
546 3180 594 3232 ea,
610 3179 680 3243 quae
696 3155 899 3240 expeditioni
915 3156 1031 3220 futurre
1047 3156 1113 3220 sint
1127 3157 1316 3235 necessario,
1333 3181 1392 3222 nec
1407 3158 1530 3223 frustra

283 3271 410 3344 ereptas
443 3257 610 3344 elapsesve
642 3254 827 3320 occasiones
861 3256 907 3321 rei
933 3258 1081 3343 gerendse
1110 3271 1271 3344 queretur.
1317 3259 1411 3323 Nosti
1438 3260 1527 3323 enim

283 3373 440 3445 quantum
463 3358 614 3444 ponderis
636 3355 777 3421 habeant
798 3370 981 3442 temporum
1004 3373 1174 3424 momenta.

365 3460 529 3546 Imprimis
551 3458 746 3522 removenda
767 3470 862 3522 erunt
884 3459 1116 3544 impedimenta
1138 3460 1254 3537 omnia,
1278 3483 1348 3546 quae
1369 3459 1528 3548 turb[ere]

281 3560 349 3625 haeo
382 3560 528 3637 consilia,
562 3574 619 3623 ant
652 3557 824 3646 quominus
856 3559 890 3621 in
927 3558 1081 3623 effectum
1115 3561 1281 3625 commode
1315 3561 1526 3637 deducantur,

280 3661 408 3726 obstare
430 3674 575 3747 possunt.
619 3659 710 3724 Inter
732 3682 801 3745 quae
823 3659 890 3723 haec
914 3660 974 3723 sibi
997 3660 1093 3725 facile
1117 3660 1295 3748 principem
1319 3661 1426 3726 locum
1447 3686 1527 3727 ven-

280 3763 390 3828 dicent
414 3791 421 3825 ι
444 3761 543 3848 Regia
576 3760 687 3826 Daniae
720 3759 843 3825 alienus
876 3761 983 3826 forsan
1017 3760 1056 3825 ab
1083 3759 1144 3826 hoc
1170 3762 1307 3849 negocio
1332 3763 1467 3841 animus,
1491 3779 1528 3828 ct

280 3865 407 3928 Ducum
442 3861 720 3949 Megapolensium
753 3861 931 3925 fastidium.
976 3862 1112 3948 Oportet
1137 3862 1235 3940 enim,
1259 3876 1296 3928 ut
1319 3863 1389 3928 Rex
1411 3864 1525 3928 Danise

279 3965 491 4039 contineatur,
525 3986 566 4025 ne
600 3985 633 4025 se
667 3962 754 4026 hisce
782 3976 926 4049 opponat
949 3985 986 4025 ac
1009 3961 1188 4026 disturbare
1212 3977 1362 4042 conetur3
1392 3964 1525 4029 Ducum

279 4088 356 4130 vero
379 4064 656 4151 Mogapolensium
679 4086 715 4127 sc
737 4061 886 4148 inprimis
908 4062 1030 4127 domini
1047 4062 1192 4148 Adolphi
1208 4063 1364 4128 Friderici
1380 4064 1524 4129 animum

280 4166 310 4229 S.
334 4165 372 4229 R.
397 4164 492 4228 M:tas
514 4165 654 4228 tentavit
675 4185 733 4249 per
754 4164 863 4227 literas
875 4164 913 4246 ²),
936 4165 992 4228 sed
1016 4164 1103 4228 visus
1124 4178 1174 4228 est
1190 4165 1302 4235 multo,
1319 4187 1415 4251 quarn
1430 4178 1524 4252 puta·

279 4266 383 4343 batur,
407 4264 551 4341 alienior,
575 4265 654 4329 adeo
677 4277 715 4328 ut
737 4264 767 4328 S.
792 4264 889 4328 Mztas
910 4288 998 4329 nune
1021 4287 1094 4329 eurn
1111 4264 1288 4330 sollicitare
1304 4266 1443 4352 amplius
1457 4289 1524 4331 non

279 4367 398 4431 sudeat
429 4388 504 4430 cum
537 4366 616 4430 alias
644 4365 685 4430 ob
708 4387 829 4440 causas,
852 4388 931 4451 ques
953 4365 1007 4429 hic
1030 4377 1192 4453 praetereo,
1216 4380 1285 4431 tnm
1309 4390 1350 4431 ne
1372 4379 1467 4453 putet
1489 4367 1520 4431 S.

363 4518 383 4581 ¹)
401 4522 513 4571 Bretvet
531 4523 617 4571 finnes
636 4523 645 4570 l
663 4520 846 4581 Riksarktret,
864 4521 1084 4572 Oxanstlernaka
1102 4522 1263 4585 samltngen.

361 4601 382 4665 ¹)
400 4605 446 4655 Jtr
463 4607 623 4671 konungens
641 4606 704 4655 bret
722 4606 765 4656 till
785 4607 876 4669 hertig
893 4605 979 4656 Adon
991 4605 1108 4656 Fredrik
1121 4608 1131 4655 l
1143 4606 1254 4670 Kosara
1264 4605 1372 4669 Gustus
1377 4604 1413 4656 ΙΙ
1420 4606 1523 4670 Adolsr

277 4688 399 4752 christos,
417 4695 475 4753 utg.
494 4692 524 4739 et
541 4690 569 4740 O.
590 4691 620 4740 G.
640 4690 737 4753 Stylle,
755 4690 806 4738 sld.
826 4694 874 4739 438
893 4691 920 4739 ff.
