3212 5352
364 438 425 501 160

319 617 476 690 repetere.
521 604 591 669 Hoc
614 628 698 670 nunc
722 606 814 682 addo,
837 605 868 669 S.
892 606 928 669 R.
952 605 1063 669 Mztem
1086 628 1128 669 ex
1151 629 1190 669 οο
1211 619 1355 692 tempore
1375 606 1568 692 Dcrpatum,

321 706 564 793 Runeburgum,
599 706 777 771 Peibulium
810 721 843 771 et
869 706 1025 791 reliquam
1053 706 1155 771 ferme
1183 707 1353 771 Lironiam
1376 720 1489 775 totum.
1512 730 1568 770 ex·

318 965 413 1028 generi
441 969 470 1013 et
496 962 585 1012 affinis
612 964 663 1022 sul,
690 962 880 1023 sollicitarent,
902 977 1035 1025 opemque
1054 968 1083 1012 et
1101 963 1246 1012 consillum
1266 962 1291 1011 8.
1311 962 1341 1011 Β.
1361 962 1435 1012 limis
1454 970 1568 1026 expete·

320 1053 395 1104 rent;
423 1063 476 1111 quo
504 1045 615 1110 quidem
642 1050 766 1109 tempore
793 1047 929 1095 illectoris
954 1046 1172 1108 Breudeburgici
1195 1049 1304 1109 legatus
1326 1047 1402 1097 hisce
1420 1063 1477 1097 non
1497 1049 1570 1097 ebsi-

320 1132 399 1181 miIle
417 1131 571 1180 edisrcbat.

407 1215 474 1264 liret
501 1214 525 1263 S.
553 1214 582 1263 B.
611 1216 670 1264 Meti
696 1215 797 1263 balium
826 1228 886 1263 cum
913 1214 1016 1264 Polonc
1040 1229 1122 1278 greve
1145 1219 1174 1263 et
1191 1216 1361 1271 diuturnum,
1380 1216 1459 1265 culus
1477 1216 1569 1265 exitus

322 1313 376 1348 non
404 1299 487 1348 iecile
513 1297 662 1362 praevideri
689 1301 800 1361 peterit,
828 1312 920 1357 cansa,
946 1297 1064 1347 bostium
1092 1299 1239 1349 destinatis
1261 1303 1291 1348 et
1317 1303 1428 1357 eventu,
1451 1301 1475 1349 si
1492 1306 1568 1350 recte

319 1384 482 1444 aestimetur,
502 1397 556 1432 uon
574 1383 664 1431 minus
683 1396 825 1432 commune
843 1385 972 1441 omnium,
991 1397 1072 1445 quam
1091 1384 1165 1445 quod
1182 1383 1258 1432 hisce
1276 1386 1358 1432 annis
1375 1386 1403 1432 in
1419 1383 1567 1434 Germania

318 1472 427 1532 gestum
446 1473 496 1516 est.
532 1467 583 1515 Istl
602 1466 626 1514 S.
645 1466 674 1515 R.
693 1466 773 1516 idttes
792 1469 900 1516 intexta
918 1480 969 1516 nec
987 1468 1131 1516 inveniens
1150 1468 1258 1516 modum
1277 1481 1307 1516 se
1325 1467 1494 1531 explicandi,
1507 1482 1568 1531 pre·

321 1553 448 1600 ruebatur
465 1551 631 1615 gravissImis
650 1550 861 1601 difficultatibus
880 1566 959 1615 opem
978 1565 1054 1600 suern
1073 1551 1338 1614 promittend13neo
1357 1556 1470 1614 poteret
1482 1552 1567 1601 iacile

320 1636 389 1685 dare
410 1637 564 1693 consilium,
583 1634 656 1697 qnod
675 1648 832 1698 quenquam
849 1649 943 1697 regum
962 1640 1011 1684 aut
1029 1636 1184 1698 principum
1203 1635 1233 1684 ld
1251 1638 1342 1685 oneris
1360 1638 1390 1685 in
1408 1651 1438 1685 se
1456 1650 1567 1700 suscep·

320 1725 411 1769 turum
439 1719 463 1768 8.
490 1719 519 1768 Il.
547 1720 627 1768 limas
654 1720 802 1781 ignoraret,
829 1732 880 1768 nec
908 1720 1002 1781 legati,
1031 1720 1059 1767 id
1086 1720 1185 1782 rogati,
1212 1734 1287 1782 spem
1309 1724 1442 1782 poteraut
1464 1721 1568 1771 iacere.

322 1802 501 1852 Committere
524 1807 615 1852 autem
635 1808 742 1851 tautum
761 1806 904 1865 negocium
925 1802 1029 1853 homini
1047 1805 1164 1866 private,
1183 1803 1253 1853 nihil
1271 1802 1420 1853 videbatur
1438 1807 1567 1854 conferre

322 1902 403 1950 posse
431 1886 465 1935 ed
493 1888 532 1935 rei
560 1900 699 1945 summam,
726 1891 783 1934 tum
807 1886 880 1947 quod
903 1886 944 1936 illi
963 1887 1118 1936 authoritas
1134 1887 1209 1949 juste
1228 1887 1345 1945 deesset,
1363 1891 1422 1936 tum
1441 1890 1516 1951 quod
1533 1903 1568 1938 ex

321 1971 436 2020 eliorum
455 1972 546 2034 gretie
564 1976 593 2020 et
611 1977 680 2018 nutu
698 1970 793 2019 vivens
811 1970 881 2019 1111111
901 1971 984 2020 solldl
1003 1985 1054 2020 nec
1073 1973 1170 2020 virium
1190 1972 1266 2035 ipsus
1283 1972 1433 2021 obtineret.

408 2055 599 2103 Fluctueutem
624 2054 709 2117 igitur
730 2059 759 2103 et
776 2057 805 2103 iu
823 2054 933 2105 diverse
950 2060 1069 2104 tractum
1088 2055 1206 2104 animum
1226 2056 1251 2101 il.
1270 2054 1299 2103 R.
1319 2055 1392 2105 Mttis
1411 2061 1442 2105 et
1459 2062 1567 2106 ceteros

322 2141 494 2202 ignorantem
522 2139 591 2188 vicit
615 2139 728 2188 taudem
752 2138 834 2188 ardor
855 2137 969 2200 iuvandi
986 2152 1043 2187 rem
1063 2153 1242 2198 communem,
1261 2139 1425 2189 sublevandi
1443 2140 1567 2202 jacentes

322 2223 432 2283 amicos,
450 2224 546 2286 procul
565 2223 651 2271 eundi
668 2222 778 2271 obviem
797 2224 926 2286 periculis
945 2222 1153 2272 imminentibus
1171 2229 1200 2272 et
1217 2221 1334 2271 sistendi
1348 2224 1566 2286 magnitudinem

322 2323 351 2358 se
370 2306 553 2356 diffundentis
571 2309 661 2356 noxias
679 2308 820 2369 potentie.
855 2307 913 2356 Nec
932 2308 1071 2356 minimam
1090 2306 1144 2355 rim
1163 2305 1261 2355 hebuit
1278 2307 1475 2369 persuadendi,
1493 2309 1566 2370 quod

319 2396 478 2441 ceterorum
496 2404 576 2441 nemo
594 2391 623 2438 id
641 2391 751 2439 consilli
769 2392 945 2440 coniunctum
964 2406 1025 2440 cum
1043 2392 1167 2453 periculo
1185 2394 1274 2439 stetus
1290 2389 1395 2454 proprii
1409 2396 1566 2454 arrepturus

324 2475 472 2525 videretur.
504 2475 625 2537 Ideoque
645 2487 679 2522 ne
698 2480 799 2522 cuncte
810 2484 930 2531 ruerent,
942 2474 1029 2524 visum
1042 2475 1067 2524 S.
1080 2476 1108 2524 R.
1122 2475 1181 2524 sixti
1194 2480 1238 2523 est·
1250 2474 1279 2524 id
1291 2476 1383 2524 oneris
1395 2475 1566 2538 periculique

324 2562 350 2609 ln
375 2574 405 2609 se
423 2562 514 2621 potius
534 2560 680 2621 suscipere,
700 2572 780 2620 quam
799 2561 858 2621 peti
878 2559 1036 2608 Pontidclos
1055 2559 1154 2608 ceteris
1172 2561 1311 2621 oppressis
1329 2557 1429 2621 pedem
1447 2558 1567 2611 undem,

323 2649 355 2692 ut
373 2645 531 2703 moliuntur,
551 2643 587 2690 eii
606 2656 679 2691 mere
698 2642 853 2691 Belthlcum
872 2643 962 2705 figere.
999 2643 1109 2692 Obtulit
1127 2644 1199 2691 euim
1219 2656 1247 2691 sc
1266 2644 1354 2705 ipsam
1371 2642 1411 2691 rei
1426 2641 1567 2704 gerundae:

324 2728 434 2776 tertiam
462 2730 621 2776 cunctorum
649 2740 760 2776 onerum
788 2732 895 2788 partem
924 2728 952 2776 ln
975 2741 1003 2776 se
1026 2740 1057 2775 ac
1075 2740 1187 2789 regnum
1207 2740 1283 2775 snum
1302 2727 1490 2775 derivatorum
1508 2740 1567 2789 pro·

322 2811 407 2871 misit,
431 2810 454 2859 sl
472 2811 558 2859 ceteri
577 2810 698 2873 reliquas
717 2811 968 2869 subministrarent,
986 2812 1010 2860 si
1027 2810 1172 2873 pecuniam
1190 2824 1241 2873 pro
1259 2810 1462 2860 conscribendo
1480 2812 1565 2859 milite

324 2910 379 2944 euae
406 2897 495 2958 partis
523 2898 613 2956 quotae
641 2900 669 2942 et
692 2895 829 2943 trimestre
852 2895 1021 2958 stipendium
1041 2908 1100 2943 eum
1119 2896 1203 2943 ermis
1221 2895 1250 2942 in
1269 2899 1441 2944 antecessum
1462 2895 1567 2945 darent.

323 2979 347 3029 si
366 2980 455 3027 locum
474 2983 503 3027 et
521 2984 638 3041 portum,
657 2978 703 3026 ubi
724 2978 864 3041 adpellere
883 2979 1031 3040 sedemque
1050 2978 1117 3027 beili
1137 2978 1274 3027 collocare
1292 2978 1400 3036 liceret,
1417 2979 1565 3029 maderent.

322 3068 353 3112 et
380 3063 436 3112 alie
457 3062 582 3124 quiedam
606 3064 717 3111 minoris
736 3063 1189 3112 0001001101000010100111010.
1225 3062 1262 3111 Ut
1280 3076 1344 3110 rere
1364 3064 1502 3111 exercitus
1520 3063 1566 3110 sil·

322 3161 379 3210 quo
405 3147 486 3196 modo
513 3144 694 3208 responderet
715 3148 764 3206 rei,
782 3161 864 3208 quem
881 3160 989 3195 eramus
1008 3147 1174 3207 adgressuri,
1193 3146 1387 3208 magnitudini,
1407 3160 1458 3195 nec
1476 3154 1565 3195 tamen

325 3231 526 3280 confederatus
549 3232 663 3279 nimium
686 3234 833 3294 premeret,
857 3230 882 3277 S.
901 3230 930 3278 R.
950 3230 1029 3279 tinas
1049 3234 1080 3278 06
1099 3232 1253 3294 regimenta
1270 3229 1404 3293 peditum,
1423 3234 1565 3279 constante

322 3315 450 3377 quolibet
478 3317 542 3363 1000
570 3315 717 3376 capitibus,
745 3320 774 3362 et
802 3318 867 3362 8000
892 3317 1014 3377 equitum
1042 3315 1096 3363 sibi
1119 3314 1307 3363 communibus
1326 3320 1384 3362 tam
1403 3316 1469 3371 suis,
1487 3327 1564 3376 quarn

323 3404 478 3448 ceterorum
505 3399 660 3461 sumptibus
684 3399 804 3461 praeberi
831 3400 926 3457 voluit,
949 3400 1059 3447 adlecta
1077 3400 1167 3447 classe
1186 3398 1317 3446 mediocri
1334 3399 1364 3447 in
1382 3412 1487 3447 oceano
1506 3397 1565 3445 Ger·

324 3482 440 3531 manico.
478 3480 533 3530 Has
552 3485 624 3532 enini
645 3485 726 3541 vires,
744 3484 796 3531 cisi
817 3496 877 3530 cum
896 3483 1014 3531 hostium
1034 3484 1137 3531 viribus
1157 3487 1321 3545 comperetae
1341 3496 1396 3531 uon
1410 3488 1490 3531 crant
1502 3483 1564 3530 setis

326 3580 430 3628 megnae
457 3568 566 3623 iuturae,
595 3565 619 3613 Β.
646 3566 676 3614 R.
703 3572 797 3615 temen
824 3567 904 3616 Metus
927 3567 1047 3628 putabet
1070 3568 1098 3615 in
1117 3580 1236 3630 praeseus
1254 3566 1428 3625 suiieciuras,
1446 3572 1476 3614 ut
1496 3563 1564 3613 bello

323 3651 488 3699 continuato
515 3655 543 3698 ei
569 3650 705 3712 paulatim
733 3650 938 3713 progrediendo
965 3651 1083 3699 hostium
1108 3652 1179 3700 vires
1201 3654 1337 3699 attereret
1355 3655 1383 3698 et
1401 3650 1513 3698 tandem
1530 3646 1563 3695 ed

323 3748 418 3797 aeques
437 3733 563 3795 adigeret
582 3734 767 3783 condiciones.

410 3816 487 3866 Inter
509 3823 602 3866 cetera
626 3832 689 3866 vero
709 3818 766 3866 haec
785 3817 840 3867 duo
859 3820 883 3867 S.
903 3819 931 3867 R.
951 3819 1040 3876 Mttes,
1059 3824 1089 3868 ut
1107 3833 1212 3868 summe
1230 3819 1387 3868 necessarie
1404 3818 1504 3866 futurae
1521 3829 1565 3863 ex·

325 3902 475 3966 pedlcloul,
502 3900 664 3964 postulavit:
692 3908 750 3950 tum
770 3908 800 3950 ut
818 3902 876 3952 sine
896 3917 971 3951 merc
989 3903 1023 3952 de
1041 3896 1184 3952 'voluntate
1203 3902 1370 3965 reliquorum
1390 3902 1492 3951 certior
1507 3898 1564 3948 red·

325 3987 447 4044 deretur,
474 3991 531 4034 tum
559 3991 597 4043 ut,
625 3986 724 4047 quibus
747 3987 777 4034 ld
794 3987 926 4048 placeret,
944 3988 1050 4049 legatos
1069 4002 1129 4035 curu
1149 3987 1173 4035 S.
1193 3986 1222 4034 R.
1242 3987 1307 4035 M2te
1327 3989 1419 4034 ectum
1437 3986 1490 4035 hnc
1506 3985 1564 4032 mit·

323 4075 425 4119 terent.
470 4070 544 4118 Illud
571 4071 643 4118 enlm
671 4085 686 4118 e
714 4084 743 4117 re
770 4076 839 4128 erat,
865 4085 900 4119 ne
927 4070 994 4133 quid
1022 4072 1128 4132 periret
1150 4072 1290 4133 temporIs,
1312 4076 1341 4118 et
1359 4069 1433 4133 quod
1453 4069 1561 4117 consilis

326 4159 420 4202 nostra
447 4153 481 4201 de
508 4154 627 4203 induciis
654 4167 714 4202 cnm
743 4154 843 4203 Polono
870 4157 913 4204 vel
937 4155 1132 4203 continuandis
1154 4155 1198 4203 vel
1217 4152 1452 4216 interrumpendis
1469 4150 1562 4201 exinde

326 4237 463 4286 moderari
490 4244 645 4301 oporteret:
673 4240 779 4300 legatos
807 4244 898 4286 eutem
926 4238 979 4287 1100
1006 4240 1080 4287 mitti
1107 4252 1220 4287 neccsse
1247 4245 1316 4295 erat,
1337 4237 1473 4300 siquidem
1492 4236 1516 4283 S.
1533 4232 1562 4280 R.

327 4320 406 4368 idaea
433 4336 488 4370 nou
516 4324 660 4383 pecuniam
688 4328 737 4370 nui
764 4323 878 4371 militem
906 4326 1023 4377 tautum,
1051 4329 1082 4370 ut
1104 4322 1198 4379 ceteri,
1220 4321 1269 4370 sed
1292 4336 1321 4370 se
1339 4325 1437 4384 ipsum,
1455 4321 1561 4368 1100001

325 4418 449 4467 personae
476 4410 620 4468 statusque
647 4408 688 4455 sui
716 4406 843 4463 salutem,
870 4406 1018 4464 obtulerat,
1047 4407 1227 4455 treneirstato
1250 4408 1320 4454 meri
1338 4410 1368 4454 ct
1387 4407 1475 4468 regnis
1491 4415 1562 4465 pere·

327 4491 411 4549 grlnls
439 4504 455 4535 u
481 4494 558 4551 tergo
582 4492 696 4549 relictis,
720 4491 754 4538 de
779 4504 832 4551 quo
852 4496 975 4539 statuere
994 4492 1088 4551 legato
1107 4489 1219 4537 difficile
1238 4490 1321 4547 iuret,
1339 4494 1368 4538 et
1387 4490 1421 4538 ob
1439 4488 1560 4536 itinerum

326 4572 506 4622 difficultates
533 4575 710 4635 locorumque
738 4573 900 4623 distantiam
928 4589 987 4623 cum
1014 4571 1560 4637 01110010100100110(110ρο11ᾶὶ000ρίυο

327 4657 381 4705 huc
399 4656 496 4705 referri
515 4657 638 4706 deberet.
