3314 5362
320 684 396 747 lone
429 684 482 748 vel
515 684 666 748 infestare
700 684 862 770 principes
896 682 1084 762 Germania,
1117 686 1170 749 vel
1203 708 1387 750 succurrere
1418 685 1596 771 Ligistis.

320 784 459 848 Animus
493 798 599 849 tamen
632 785 667 848 in
700 807 903 849 communem
937 807 1075 863 cansam,
1103 784 1239 850 affectus
1267 810 1393 873 quoque
1420 787 1456 849 in
1483 788 1599 851 Sere-

320 884 490 949 nissimum
513 885 695 951 Electorem
718 908 754 949 ac
778 886 960 971 Principem
983 899 1075 949 tuum
1098 886 1180 970 Regi
1202 910 1275 951 meo
1292 887 1388 965 idern,
1407 887 1467 973 qui
1486 901 1598 964 ante,

321 1002 429 1050 manet
451 1000 484 1051 et
506 986 662 1065 mauebit3
685 987 777 1071 sique
800 964 972 1050 nereditas
995 988 1190 1073 poposcerit,
1214 1002 1270 1052 aut
1290 988 1384 1052 amici
1402 986 1598 1074 principes

318 1213 430 1261 restitui
448 1216 477 1259 et
496 1208 663 1269 conservari,
682 1208 730 1257 sed
750 1209 834 1257 etiam
853 1221 887 1256 ex
905 1210 987 1271 parte
1006 1207 1031 1257 S.
1050 1209 1079 1257 R.
1098 1208 1181 1269 liztis,
1199 1224 1259 1274 quae
1277 1212 1339 1273 plus
1357 1225 1440 1273 quam
1455 1214 1597 1262 tertiam

319 1300 435 1358 partem,
461 1296 484 1343 sl
512 1298 614 1344 cuncta
640 1297 715 1342 recte
743 1291 922 1352 aestimantur,
949 1293 977 1341 in
999 1306 1028 1342 se
1050 1295 1175 1357 recipere
1194 1297 1339 1343 statuerat.
1376 1296 1491 1355 Verum,
1515 1310 1596 1345 curn

320 1380 463 1440 negocium
491 1378 606 1427 arduum
634 1382 716 1438 esset,
739 1377 812 1440 quod
835 1377 968 1426 vellemus
987 1376 1110 1439 adgredi,
1128 1378 1246 1442 putabat
1264 1383 1363 1427 cuncta
1381 1384 1485 1429 exacte
1509 1395 1599 1444 pon·

321 1462 446 1511 derauda
464 1466 493 1512 et
510 1463 582 1511 vires
600 1467 709 1511 nostras
726 1463 767 1511 rei
785 1460 972 1523 magnitudini
990 1462 1031 1510 lta
1049 1460 1276 1523 accomodandas,
1294 1466 1325 1510 ut
1342 1477 1403 1511 enm
1422 1478 1476 1526 spe
1498 1472 1597 1514 certa

320 1547 388 1596 boni
405 1552 521 1595 eventus
539 1548 684 1609 negocium
703 1544 794 1595 isthoc
813 1546 1005 1609 susciperetur.

405 1631 482 1680 Nihil
510 1644 574 1678 vero
600 1631 706 1692 gratius
732 1629 757 1677 S.
784 1629 814 1677 R.
839 1628 897 1679 iirti
920 1634 971 1689 est,
990 1644 1071 1692 quam
1090 1629 1165 1694 quod
1183 1630 1374 1679 serenissimus
1392 1631 1499 1680 Danim
1524 1632 1597 1683 Rex

320 1715 348 1763 id
374 1729 447 1763 nuuc
465 1716 495 1762 iu
513 1727 542 1763 ss
560 1713 721 1776 susceperit.
758 1712 825 1761 cnm
844 1714 916 1763 enim
935 1713 972 1762 ait
989 1726 1090 1762 vacuus
1108 1717 1138 1762 et
1156 1714 1282 1763 lmmnnia
1301 1714 1336 1762 ab
1355 1716 1417 1764 aliis
1436 1716 1538 1766 bellis
1562 1724 1600 1767 et

321 1799 459 1858 oneribus,
486 1801 568 1860 atque
591 1798 626 1845 ob
649 1796 731 1846 situm
751 1798 830 1859 regni
848 1799 891 1846 sni
909 1799 935 1846 in
955 1796 1160 1860 progrediendo
1178 1800 1280 1847 multas
1298 1798 1402 1849 habeat
1419 1803 1598 1850 commodi·

320 1889 395 1933 tates
421 1896 479 1947 prm
506 1883 560 1931 Sua
586 1881 659 1941 lizta,
679 1884 736 1929 tum
754 1880 839 1930 etism
859 1881 893 1930 ob
913 1880 1045 1930 diuturna
1062 1895 1131 1944 paee
1150 1882 1300 1945 acquisitas
1319 1883 1433 1932 divitias
1454 1898 1522 1934 non
1546 1888 1595 1935 in·

321 1968 417 2031 digest
442 1965 646 2030 anticipatione
672 1966 805 2028 pecunias,
833 1964 857 2013 S.
885 1963 914 2013 R.
942 1965 1022 2014 litas
1048 1965 1135 2015 multo
1162 1967 1331 2016 commodius
1356 1969 1599 2032 consultiusque

320 2056 411 2116 putat,
438 2056 469 2101 ut
494 2052 542 2101 ille
569 2050 621 2099 hoc
642 2049 672 2098 in
693 2062 723 2098 se
741 2047 886 2112 suscipiat;
904 2049 1022 2111 ideoque
1040 2049 1119 2099 illum
1137 2064 1194 2099 non
1211 2051 1413 2106 remorandum,
1433 2053 1490 2100 sed
1512 2054 1598 2102 inci·

319 2137 434 2185 tandum
461 2136 580 2199 putavit,
606 2147 722 2197 cumque
744 2133 773 2181 id
797 2132 974 2182 Sereuissimo
996 2133 1063 2197 Regi
1082 2134 1232 2183 Britanniae
1251 2140 1394 2198 acceptum
1414 2137 1596 2199 intelligas,

320 2221 388 2269 data
414 2220 560 2269 occasions
587 2218 611 2267 S.
638 2218 667 2266 R.
692 2218 773 2266 littus
795 2217 894 2280 Regem
915 2217 1010 2266 Daniae
1027 2217 1063 2267 ad
1081 2218 1111 2266 ld
1127 2218 1235 2267 hortari
1253 2233 1293 2278 ac,
1312 2224 1446 2282 qnantum
1468 2226 1600 2283 potest,

319 2318 479 2367 permovere
499 2318 554 2353 uon
573 2304 696 2363 desistet,
714 2302 877 2364 neutiquam
895 2301 1035 2362 debltans,
1053 2301 1133 2365 Regis
1151 2302 1302 2351 Britannias
1320 2303 1539 2354 authoritatem
1562 2312 1598 2356 et

320 2389 471 2437 amicitiam
490 2388 637 2450 plurimum
656 2385 731 2448 apud
749 2384 867 2435 eundem
886 2386 1041 2434 valituram.

404 2472 429 2521 8.
449 2472 558 2535 quidem
576 2470 663 2530 Regia
680 2470 761 2519 Musa
779 2484 829 2532 per
847 2471 969 2531 legatum
987 2469 1067 2534 Regis
1086 2470 1190 2530 Daniae,
1207 2473 1364 2534 nuperrime
1378 2471 1434 2521 huc
1448 2473 1599 2535 missum,

319 2561 439 2606 mentem
462 2570 538 2604 suam
562 2556 668 2604 sincere
686 2554 829 2618 explicuit,
848 2559 955 2616 gratum
974 2555 1079 2604 liabens
1097 2568 1158 2604 eum
1176 2559 1257 2604 tanto
1275 2556 1367 2605 studio
1386 2571 1484 2606 cauam
1509 2573 1596 2609 com·

320 2640 408 2688 munis
436 2639 628 2689 defensionem
656 2640 685 2688 in
708 2652 737 2687 se
756 2640 923 2700 suscepisse:
945 2652 1060 2701 cumque
1078 2653 1107 2687 se
1126 2640 1211 2688 etiarn
1229 2639 1374 2689 sollicitari
1392 2642 1597 2693 animadver-

319 2729 401 2783 teret,
423 2729 455 2772 ut
477 2724 533 2772 aiio
555 2726 679 2772 exercitu
701 2722 891 2772 communibus
909 2723 1061 2786 sumptibus
1080 2729 1240 2787 comparato
1259 2726 1409 2773 communis
1428 2728 1476 2774 rei
1499 2729 1596 2777 resti·

319 2810 454 2858 tutionem
482 2808 691 2870 adgrederetur,
717 2822 752 2856 ne
779 2807 808 2855 id
835 2806 946 2869 quidem
972 2807 1118 2867 recusarit,
1144 2809 1168 2856 si
1195 2808 1287 2857 media
1309 2810 1365 2871 ipsi
1382 2792 1596 2872 comparandi

319 2892 548 2954 sustentandiqne
570 2892 706 2941 exercitus
729 2890 1011 2947 subministrarentur,
1034 2904 1066 2940 ao
1088 2892 1174 2952 locus,
1193 2893 1241 2940 ubi
1258 2892 1353 2941 sedem
1372 2892 1443 2941 belli
1464 2894 1598 2959 figeret,

320 2982 402 3040 aptus
429 2976 597 3035 traderetur,
623 2976 741 3039 aliisque
767 2974 882 3024 annexis
910 2975 1119 3025 condicionibus
1147 2975 1304 3037 satisfieret,
1330 2982 1362 3025 ut
1384 2991 1419 3025 ex
1441 2978 1522 3028 dato
1544 2995 1597 3030 re·

320 3075 428 3124 sponso,
447 3062 570 3109 melioris
588 3058 795 3108 informationis
814 3073 898 3108 causa
916 3060 1027 3109 domino
1046 3060 1138 3124 legato
1156 3061 1363 3118 communicato,
1381 3063 1516 3124 patebit.
1549 3068 1597 3115 At

320 3159 381 3193 cum
408 3144 433 3193 S.
462 3142 491 3192 R.
519 3144 598 3193 liztas
625 3157 698 3192 nune
724 3144 819 3192 videat
841 3157 869 3191 se
889 3143 923 3191 ab
940 3144 993 3192 huc
1012 3157 1094 3193 onere
1112 3147 1239 3194 excusari
1256 3159 1273 3193 a
1291 3144 1480 3196 &srenissimo
1504 3149 1598 3215 Rege

321 3225 449 3292 ldagsnae]
467 3229 626 3289 Britanniae,
646 3232 729 3290 atquo
747 3227 890 3289 intelligat
907 3231 1031 3291 sumptus
1044 3229 1134 3277 ubivis
1146 3229 1266 3278 locorum
1279 3243 1353 3277 nunc
1366 3229 1426 3278 fleri
1440 3233 1599 3295 maiores,

319 3327 400 3375 quam
427 3316 459 3361 ut
485 3314 510 3360 S.
539 3313 568 3361 R.
596 3312 656 3361 nini
683 3326 775 3361 eorum
797 3312 944 3375 quicquam
965 3311 1080 3361 attribui
1098 3311 1194 3375 possit,
1213 3312 1237 3360 S.
1257 3312 1285 3360 R.
1304 3312 1385 3363 Mztas
1403 3329 1462 3364 nou
1484 3319 1600 3370 invita

320 3393 433 3446 differet
450 3397 503 3447 hoc
522 3411 598 3445 suum
618 3396 773 3455 consilium,
792 3397 880 3445 donec
899 3395 934 3445 de
952 3410 984 3445 eo
1003 3397 1136 3445 maturius
1155 3396 1306 3446 deliberari
1323 3398 1418 3460 possit.
1452 3400 1596 3455 Interim

320 3481 406 3544 cupit,
428 3482 452 3530 S.
475 3481 505 3528 R.
529 3480 620 3530 M:tem
641 3481 790 3530 Britanniis
809 3481 862 3529 sibi
880 3484 956 3529 certo
976 3481 1152 3542 persuadere,
1170 3481 1195 3530 R.
1213 3481 1242 3529 R.
1262 3481 1355 3530 M2tsm
1372 3483 1402 3531 iu
1420 3491 1599 3548 proposito

318 3580 366 3613 suo
386 3570 415 3614 et
430 3567 471 3615 rei
490 3566 627 3614 communi
646 3562 815 3613 inserviendi
833 3570 862 3612 et
880 3564 948 3626 Regi
966 3564 1116 3613 BrItanuias
1134 3566 1311 3627 gratificandi
1329 3571 1507 3620 constanter
1520 3588 1596 3635 per·

319 3649 456 3707 stituram,
482 3663 534 3698 nec
556 3649 703 3712 quicquam
726 3650 952 3708 intermissurum,
969 3646 1042 3710 qnod
1061 3661 1120 3697 oum
1140 3650 1289 3698 securitate
1307 3649 1387 3700 huius
1405 3654 1493 3715 regni
1516 3671 1597 3708 cou-

319 3734 441 3780 iuuctnm
461 3746 477 3779 a
495 3732 519 3781 S.
538 3732 567 3780 R.
587 3732 652 3781 M:te
670 3733 797 3795 prestari
813 3732 923 3795 poterit.

404 3816 481 3865 Inter
508 3821 602 3865 cetera
629 3812 697 3866 boni
723 3816 817 3865 iratris
844 3820 873 3865 et
897 3818 979 3865 amici
1001 3815 1092 3866 officia
1113 3816 1137 3864 S.
1159 3817 1185 3865 R
1206 3818 1286 3867 littus
1304 3818 1388 3867 etiam
1406 3818 1465 3870 hoc
1488 3825 1597 3877 inter·

318 3904 446 3963 pretatur
470 3914 526 3949 nou
554 3902 704 3961 minimum,
731 3900 805 3963 quod
833 3900 1027 3949 serenissimus
1054 3897 1183 3963 biag[naa]
1210 3902 1360 3950 Britannia
1386 3903 1447 3953 Rex
1475 3921 1594 3962 curm

318 3985 422 4034 habeat
447 3985 645 4033 conservanda
672 3984 746 4033 iuter
772 3984 797 4032 S.
824 3984 853 4032 R.
877 3984 971 4034 liiztenr
993 3989 1022 4034 et
1043 3984 1143 4048 Regem
1164 3985 1260 4034 Daniae
1283 3987 1427 4045 amicitiae;
1447 4004 1510 4040 nee
1535 3995 1596 4044 du·

319 4069 392 4118 bium
416 4072 467 4128 est,
490 4069 556 4131 quin
575 4067 605 4117 id
626 4067 735 4131 utrique
754 4067 830 4130 Regi,
848 4070 975 4130 Inprimis
994 4069 1018 4117 S.
1036 4069 1065 4117 R.
1085 4069 1151 4127 bitti,
1170 4084 1267 4133 magno
1286 4071 1323 4119 sit
1341 4079 1519 4133 argumento
1543 4080 1596 4129 fu.

319 4157 418 4213 turum,
445 4158 476 4201 ut
502 4152 552 4201 illa
579 4152 704 4201 amicitia
725 4152 926 4202 iuviolabiliter
946 4158 1130 4201 conservetur.
1168 4153 1289 4202 Dissidis
1306 4168 1371 4204 vero
1390 4161 1442 4205 aut
1460 4167 1595 4214 conno-

319 4239 414 4286 versloe
440 4252 513 4286 nune
541 4236 652 4299 quidem
679 4241 775 4285 nostra
797 4236 927 4299 opinione
945 4237 1027 4286 nullm
1045 4241 1109 4285 sunt
1127 4239 1200 4286 tanti
1219 4241 1360 4297 momenti,
1378 4243 1410 4287 ut
1428 4246 1595 4307 exagitat

320 4320 448 4381 debeant,
470 4336 521 4370 neo
540 4322 666 4370 simultas
685 4321 754 4378 ulla;
772 4321 823 4370 hoc
841 4325 949 4369 tantum
969 4322 993 4369 S.
1012 4321 1041 4368 R.
1061 4320 1141 4370 limas
1160 4321 1340 4371 Serenissimo
1358 4320 1501 4389 liug[nae]
1524 4332 1595 4383 Βῆ.

319 4405 423 4453 tannim
441 4405 516 4465 Regi,
533 4404 620 4454 veluti
639 4405 774 4454 communi
789 4405 884 4464 amieo,
898 4407 975 4468 cupit
986 4419 1045 4454 esse
1058 4406 1287 4465 commendatum,
1301 4420 1393 4455 curam
1406 4413 1440 4456 ut
1452 4410 1596 4479 habeat,

319 4501 355 4537 ne
381 4501 441 4550 qua
468 4489 639 4550 inposterum
666 4496 833 4547 moveantur,
857 4503 918 4552 quse
941 4487 1062 4538 alienare
1084 4490 1188 4537 animos
1207 4494 1250 4539 tot
1266 4490 1385 4539 vinculis
1403 4495 1594 4551 coniuncto-

319 4585 379 4619 rum
406 4571 506 4634 Regum
530 4576 643 4633 queant,
666 4572 748 4620 sicnti
772 4572 797 4620 il.
816 4572 844 4620 R.
864 4572 944 4621 Mztas
963 4587 996 4622 ex
1014 4587 1063 4621 sua
1081 4578 1160 4635 parte
1179 4573 1207 4621 ld
1227 4573 1308 4623 unice
1326 4573 1491 4626 elaboravit
1513 4581 1593 4634 hac·

319 4661 402 4704 tenus
421 4660 449 4703 et
467 4654 614 4704 conabitur
630 4656 810 4717 inposterum,
829 4661 868 4715 ut,
886 4659 1000 4718 praecisa
1015 4656 1088 4705 omni
1104 4656 1213 4706 dissidii
1224 4671 1315 4717 cansa,
1327 4658 1406 4707 flrma
1419 4661 1594 4730 solidaque

319 4740 395 4787 iuter
417 4752 445 4787 se
470 4752 502 4787 ac
523 4739 623 4802 Regem
647 4739 743 4787 Danise
761 4739 956 4789 benevolentia
975 4742 1151 4803 amieItiaque
1170 4742 1311 4791 coalescat
1328 4747 1357 4792 et
1375 4755 1592 4802 conservetur.
