3298 5346
320 406 382 469 504

278 573 416 660 pristino
449 571 548 637 nitori
582 571 718 647 restitui,
751 585 801 636 ast
833 568 1007 634 sustentari
1039 569 1073 632 in
1096 568 1229 635 meliora
1251 580 1399 654 tempora
1421 589 1528 653 posse.

279 673 351 761 Ego
384 696 425 739 ex
448 673 555 737 animo
579 673 684 737 Deum
707 694 830 758 precor,
853 684 890 734 ut
917 671 974 758 qui
989 693 1055 741 ,nos
1076 669 1164 734 nasci
1187 668 1294 733 voluit
1315 669 1350 732 in
1372 667 1440 731 haec
1461 681 1529 732 tur·

278 774 410 839 bulento
442 788 598 860 tempora,
628 796 698 860 quae
721 771 793 859 ipsi,
816 771 843 834 si
866 771 1006 835 humano
1029 792 1116 835 more
1138 768 1229 855 loqui
1250 768 1397 846 velimus,
1421 769 1528 855 pravis

279 891 312 940 et
334 874 493 941 inertibus
515 873 658 939 consiliis
681 872 798 937 nostris
821 872 1023 948 attraximus,
1046 872 1075 935 is
1095 894 1152 957 pro
1168 893 1294 934 summa
1308 867 1527 934 misericordia

280 999 339 1041 sua
371 989 404 1041 et
436 976 471 1039 in
503 974 682 1040 Ecclesiam
716 971 877 1037 ineffabili
910 995 1017 1036 amore
1040 993 1127 1036 nunc
1150 969 1344 1036 salutaribus
1366 970 1528 1057 suggestis

281 1077 426 1142 consiliis
446 1075 564 1142 fulciat
585 1075 803 1162 praecipitstas
823 1072 1095 1160 Evangelicorum
1110 1094 1170 1150 res,
1187 1085 1221 1136 et
1236 1083 1361 1135 avertat
1376 1070 1526 1156 spiritum

281 1177 461 1265 vertiginis,
483 1201 525 1242 ne
548 1190 582 1241 et
603 1175 773 1263 paululum
794 1175 839 1250 id,
862 1173 949 1261 quod
971 1185 1126 1260 superest,
1149 1194 1224 1236 cum
1247 1186 1393 1236 extremo
1416 1170 1527 1236 Eccle-

280 1279 334 1343 siae
357 1302 392 1343 ac
416 1278 571 1342 bonorum
595 1277 739 1341 omnium
762 1274 932 1361 dispendio
954 1274 989 1338 iu
1011 1296 1121 1339 casum
1145 1295 1181 1337 ac
1203 1272 1330 1336 ruinam
1353 1271 1457 1336 detur.

366 1378 459 1455 Vide,
472 1377 594 1465 optime
607 1376 844 1454 Kneseubechi,
857 1376 883 1439 si
895 1374 1039 1439 consiliis
1055 1390 1112 1439 aut
1122 1373 1221 1456 jussis
1236 1372 1400 1438 Polouicis
1415 1394 1525 1437 aurem

281 1478 482 1566 praebueritis
516 1478 568 1541 vel
601 1500 658 1563 spe
686 1478 739 1541 vel
761 1491 849 1542 metu
874 1476 1014 1554 adducti,
1039 1499 1102 1562 quo
1124 1496 1175 1539 res
1197 1496 1310 1538 casura
1332 1474 1383 1537 sit.
1428 1473 1527 1537 Rum-

281 1594 376 1666 petur
397 1579 488 1643 illico
510 1579 675 1643 vinculum
697 1578 782 1642 inter
806 1578 837 1641 S.
859 1577 896 1641 R.
912 1577 1025 1641 M:tem
1040 1590 1074 1640 et
1088 1574 1326 1640 serenissimum
1342 1572 1523 1659 Principem

280 1696 383 1758 tuum,
422 1703 484 1744 nec
511 1679 573 1744 erit
596 1678 691 1743 Serzti
712 1678 815 1764 ipsius
837 1677 911 1742 ideo
934 1677 1067 1741 solidior
1088 1698 1161 1741 cum
1185 1675 1320 1752 Polono,
1343 1687 1380 1738 ut
1401 1688 1525 1740 taceam

280 1781 351 1846 eius
374 1793 468 1846 sectae
491 1780 580 1857 alios,
604 1779 898 1865 amicitia31esque
921 1775 1102 1842 communis
1118 1775 1177 1841 bac
1192 1775 1401 1841 distractione
1416 1774 1527 1840 nescio

281 1904 364 1946 aune
387 1903 502 1968 magna
524 1880 575 1945 sui
597 1894 688 1966 parte
715 1879 821 1944 soluta
847 1878 997 1944 labascat.
1041 1877 1125 1942 Belli
1146 1889 1180 1941 et
1201 1876 1346 1940 omnium
1368 1875 1524 1939 malorum

280 1981 371 2048 sedes
394 1982 606 2047 collocabitur
627 1981 793 2068 extemplo
815 1981 848 2045 in
872 1979 1050 2044 ditionibus
1065 1978 1175 2043 Serztis
1191 1978 1302 2063 ipsius,
1322 1999 1381 2040 nos
1396 1975 1526 2064 quidem

280 2082 396 2148 tuendi
418 2082 519 2148 nostri
541 2083 720 2148 attrahente
743 2082 943 2159 necessitate,
976 2080 1106 2145 Polonis
1129 2078 1256 2164 jamdiu
1279 2077 1329 2142 his
1353 2076 1525 2142 occasioni·

280 2185 340 2251 bus
362 2184 496 2248 intentis
519 2198 553 2248 st
575 2182 789 2262 inhiantibus3
813 2183 869 2269 qui
891 2203 966 2246 eum
988 2181 1054 2245 suis
1081 2204 1145 2245 non
1168 2180 1313 2267 parciant
1335 2202 1396 2243 nee
1418 2179 1527 2242 iucen-

282 2284 345 2349 diis
378 2285 569 2363 abstineant,
603 2298 720 2349 cuncta
751 2282 786 2347 in
818 2283 949 2346 Ducatu
983 2281 1101 2346 laxatis
1124 2279 1259 2346 habenis
1282 2279 1527 2366 susquedeque

281 2385 379 2450 laturi
411 2398 497 2449 sunt.
541 2385 610 2449 Nec
634 2384 696 2450 erit
717 2383 888 2449 discrimen
912 2382 1014 2447 ullum
1037 2382 1121 2446 inter
1144 2381 1264 2446 amieos
1286 2381 1470 2466 hostesque,
1492 2389 1526 2442 et

280 2486 337 2571 qui
360 2485 543 2550 Borussism
566 2484 704 2550 tutaturi
728 2498 812 2559 sunt,
835 2498 903 2549 tum
925 2484 960 2548 in
982 2483 1130 2547 futurum
1152 2495 1248 2547 erunt
1263 2502 1377 2569 graves
1391 2480 1527 2557 domiui,

279 2600 317 2650 ut
348 2598 425 2650 tum¹
452 2585 646 2672 Principem,
680 2601 749 2650 tum
783 2585 928 2649 subditos
961 2583 1128 2648 hostilium
1151 2605 1312 2649 armorum
1339 2581 1449 2668 capiat
1471 2580 1527 2645 ali·

280 2687 409 2773 quando
432 2687 562 2751 oblivio.

363 2788 449 2853 Nolo
482 2787 571 2854 hisce
604 2786 777 2863 immorari,
812 2787 909 2872 probe
933 2784 1036 2850 sciens
1066 2784 1149 2849 nihil
1171 2796 1203 2848 te
1226 2806 1336 2848 eorum
1359 2782 1471 2860 latere,
1493 2794 1529 2846 et

280 2901 402 2974 quanto
434 2911 486 2952 me
513 2888 643 2975 propior
664 2889 707 2952 sis
729 2887 801 2951 istis
823 2886 976 2963 consiliis,
1000 2909 1039 2950 eo
1061 2886 1160 2950 etiam
1184 2883 1325 2971 penitius
1347 2883 1406 2947 illa
1427 2882 1527 2969 inspi-

280 3012 362 3054 cere.
416 2988 609 3075 lndigitasse
643 2999 691 3052 sat
723 3000 782 3065 est,
816 2998 911 3074 atque
945 2986 978 3051 id
1012 3009 1141 3071 quoque
1163 2983 1243 3048 milri
1267 2983 1323 3048 abs
1344 2996 1377 3049 te
1400 2982 1526 3071 ignosci

280 3113 383 3176 spero,
416 3092 519 3156 fretus
552 3090 673 3175 exigua
695 3088 782 3166 licet,
805 3101 914 3152 tamen
936 3109 1000 3150 non
1023 3084 1200 3150 iniucunda
1221 3085 1467 3149 conversatione
1491 3106 1529 3148 ac

280 3190 499 3255 familiaritate
532 3206 598 3269 tua,
632 3189 780 3276 inprimis
808 3190 893 3276 quod
917 3212 967 3253 me
991 3187 1031 3251 ad
1055 3187 1122 3250 haec
1144 3186 1312 3251 scribenda
1334 3185 1472 3250 affectus
1493 3186 1527 3249 in

282 3290 463 3378 Principem
496 3306 589 3356 tuum
623 3306 657 3355 et
689 3313 756 3355 rem
789 3312 992 3354 communem
1025 3286 1182 3374 impellat.
1227 3287 1278 3351 Tu
1300 3286 1430 3350 iuterim
1453 3310 1529 3352 cum

283 3393 353 3457 aliis
368 3392 498 3469 videris,
516 3415 586 3478 quae
601 3392 665 3455 sint
680 3391 713 3455 in
729 3413 797 3456 rem
812 3403 952 3454 vestram
968 3404 1002 3453 et
1015 3412 1108 3453 usum
1121 3388 1283 3452 ditionum
1297 3388 1457 3474 Principis
1469 3387 1530 3452 tui.
1628 3392 1629 3395 ’

365 3493 443 3573 Quas
477 3492 530 3556 hic
562 3503 703 3578 aguntur
736 3491 821 3578 apud
855 3514 922 3567 nos,
956 3489 1043 3554 etin
1066 3512 1129 3575 quo
1152 3501 1237 3554 statu
1261 3510 1310 3553 res
1333 3488 1407 3563 sint,
1431 3488 1531 3553 credo

280 3593 340 3658 tibi
374 3592 414 3657 ob
447 3593 722 3680 propinquitatem
757 3592 864 3655 notius
897 3614 976 3669 esse,
1011 3613 1104 3678 quarn
1139 3602 1176 3653 ut
1209 3589 1346 3653 scribere
1381 3588 1532 3655 audeam.

282 3695 441 3780 Hyemem
464 3693 550 3757 hunc
572 3694 786 3779 transegimus
808 3692 896 3756 nulla
925 3715 999 3756 cum
1021 3690 1113 3756 hoste
1136 3691 1354 3765 dimicatione,
1377 3691 1435 3756 sed
1461 3704 1533 3755 tan·

280 3810 348 3859 tum
383 3793 625 3858 velitationibus
657 3806 691 3858 et
722 3793 830 3878 parvis
863 3792 1027 3858 exercitiis
1060 3791 1263 3856 militaribus.
1313 3790 1428 3855 Hostis
1451 3805 1532 3856 stre·

279 3918 377 3960 nuam
400 3917 529 3981 operam
552 3894 684 3958 navavit
706 3894 740 3957 in
762 3894 892 3958 urendis
914 3908 947 3959 et
968 3891 1189 3979 depraedandis
1210 3893 1303 3979 pagis
1324 3891 1533 3971 rusticorum,

281 4021 318 4061 ac
340 3997 367 4060 si
390 4019 454 4082 pras
476 3995 700 4082 indignatione
723 3993 815 4058 nobis
838 4017 921 4080 aegre
942 3994 1074 4059 faceret.
1112 3993 1146 4058 Si
1168 3992 1230 4057 hoc
1251 3993 1339 4057 domi
1354 4015 1419 4057 suae
1439 3994 1531 4067 facit,

280 4097 357 4184 quid
390 4096 423 4160 in
459 4096 593 4174 hostico,
626 4095 705 4182 quid
738 4093 822 4179 apud
857 4108 1022 4181 suspectos
1057 4094 1176 4159 amicos
1205 4092 1369 4158 facturus?
1401 4095 1466 4159 Die
1489 4094 1533 4156 16

280 4198 390 4262 Martii
423 4196 547 4262 hostem
581 4195 785 4283 Christburgi
817 4195 947 4260 incaute
980 4207 1129 4281 agentem
1157 4219 1198 4260 ex
1224 4194 1401 4280 improviso
1424 4192 1528 4258 adorti

281 4320 399 4374 sumus,
433 4312 466 4364 et
498 4299 578 4362 duas
612 4296 677 4360 alas
700 4296 923 4374 Husssrorum,
947 4309 1011 4361 tres
1034 4295 1100 4359 alas
1124 4295 1337 4360 Cosaccorum
1360 4317 1531 4380 unumque

281 4399 439 4463 vexillum
462 4398 701 4464 Heiduccorum
724 4397 910 4476 cecidimus,
934 4410 970 4460 ut
992 4396 1098 4482 pauci,
1120 4396 1206 4461 inter
1228 4420 1309 4483 quos
1331 4396 1400 4460 dux
1416 4416 1527 4460 eorum

280 4499 518 4577 Kossakowslri,
553 4499 610 4563 vix
633 4498 803 4562 evaserint.
854 4497 935 4562 Caesi
957 4511 1033 4562 sunt
1054 4496 1184 4563 circiter
1206 4497 1277 4575 500,
1301 4511 1335 4561 ot
1356 4497 1443 4561 ultra
1466 4495 1528 4560 700

281 4601 357 4687 equi
379 4601 465 4686 capti
489 4623 563 4664 cum
586 4599 710 4664 duobus
733 4598 834 4686 signis
858 4598 1059 4663 militaribus.
