3314 5362
1257 349 1297 412 69

101 514 171 578 iulii
193 513 274 578 belli
296 514 429 578 initium
451 513 517 591 fiat,
541 512 593 577 hie
616 536 718 577 annus
740 514 809 578 sine
831 515 940 579 fructu
964 515 1103 601 perierit.
1151 516 1207 579 vis
1231 529 1338 580 autem

102 614 183 678 huius
216 616 347 680 consilii
374 614 477 679 omnis
505 617 538 678 in
567 613 733 679 celeritate
756 615 917 695 consistit3
940 638 1005 701 qua
1026 617 1175 703 neglecta
1196 640 1261 681 non
1285 616 1338 681 hie

49 752 51 799 ;
102 730 225 789 tanturn,
260 728 298 779 ιιι
330 716 456 803 scripsi,
490 739 593 779 annus
627 715 695 779 sine
728 714 835 779 fructu
868 717 996 802 peribit,
1024 718 1079 781 sed
1102 717 1231 782 dabitur
1254 717 1338 782 hosti

49 810 51 905 l
103 816 225 881 incultas
259 816 398 881 consilia
430 830 538 882 nostra
561 816 688 902 penitus
711 816 902 901 explorandi
925 840 961 881 ac
983 817 1170 904 dissipandi,
1194 841 1243 882 res
1266 840 1338 882 suas

101 918 129 980 in
149 917 303 981 'Silesia''
327 917 521 993 stabiliendi,
545 916 665 994 multis,
688 916 744 1003 qui
766 940 852 980 uunc
874 918 982 981 forsan
1005 918 1168 982 communi
1190 919 1236 982 rei
1257 919 1337 983 bene

49 1000 51 1107 l
102 1019 237 1103 cupiunt,
273 1019 326 1083 vel
360 1019 473 1083 eiectis
503 1019 555 1083 vel
578 1018 736 1104 oppressis
759 1018 812 1080 vel
833 1017 874 1081 ob
897 1016 1153 1105 desperationem
1175 1019 1209 1082 in
1233 1033 1338 1104 poste·

49 1192 50 1213 χ
102 1143 161 1182 rum
193 1119 303 1182 minus
331 1119 429 1205 aptis3
456 1141 528 1182 cum
552 1142 646 1195 nunc,
671 1118 833 1182 'Caesare'
857 1118 940 1181 nihil
963 1119 1069 1182 minus
1091 1120 1264 1205 cogitante,
1287 1143 1337 1185 res

103 1219 191 1305 ipsius
218 1242 331 1283 omnes
359 1220 575 1297 turbarentur,
599 1219 688 1305 siqua
713 1219 883 1296 exercitus,
906 1219 983 1283 lieet
1005 1243 1069 1283 non
1093 1221 1262 1297 maximus,
1285 1220 1338 1285 rel

49 1312 50 1317 ἵ
102 1344 150 1406 per
179 1319 401 1384 'illarehiam''
434 1321 488 1384 vel
514 1319 642 1383 aliunde
671 1318 858 1383 *Silenum*
886 1320 1029 1397 intraret,
1054 1321 1209 1407 quioquid
1233 1320 1337 1385 adhuc

49 1414 50 1499 J
104 1420 244 1485 mnarum
268 1435 450 1507 superesset
472 1421 623 1507 partium,
646 1421 711 1484 cito
733 1419 913 1484 conflueret
936 1443 972 1485 ac
995 1443 1072 1507 opes
1095 1445 1168 1486 suas
1190 1422 1223 1485 in
1245 1445 1337 1486 usum

102 1544 294 1587 communem
327 1522 499 1597 conferret,
533 1545 597 1608 quo
624 1521 722 1585 semel
745 1520 848 1584 isthac
870 1522 1043 1605 tyrannide
1065 1522 1195 1587 liberari
1218 1538 1336 1609 posset.

49 1612 51 1675 l
104 1622 191 1686 Nulla
224 1637 333 1686 sutem
368 1645 457 1685 mora
489 1622 524 1685 in
559 1623 668 1709 *Rege
700 1622 792 1685 meo*
827 1622 897 1699 erit,
931 1621 958 1685 si
992 1622 1032 1686 de
1062 1623 1211 1687 omnibus
1236 1624 1337 1688 fuerit

104 1726 283 1808 tempestive
310 1723 535 1799 constitutum,
559 1736 592 1786 et
615 1722 753 1809 pecunia
774 1723 808 1785 in
831 1735 1030 1787 antecessum
1053 1722 1159 1787 danda
1182 1749 1200 1788 a
1222 1725 1337 1788 ceteris

49 1850 50 1899 ]
103 1824 314 1888 confederatis
336 1847 423 1887 nunc
446 1823 557 1886 statim
579 1836 733 1908 congesta
756 1837 788 1886 et
811 1824 943 1903 tradita3
966 1824 1000 1888 in
1023 1848 1087 1910 quo
1114 1838 1160 1901 tu,
1180 1838 1335 1911 quantum

49 1946 50 1983 ι
106 1938 193 2008 potes,
215 1927 282 1989 sine
306 1924 404 1989 dubio
427 1923 614 1988 elaborabis.

49 2118 51 2215 J
104 2146 164 2196 liber
180 2163 210 2197 ac
228 2148 340 2197 minime
359 2148 509 2210 impeditus
527 2148 572 2205 ιιι,
590 2151 673 2210 utque
693 2152 785 2197 certus
803 2149 883 2197 uobis
901 2150 938 2197 sit
956 2152 1059 2210 portus,
1074 2148 1121 2196 ubi
1133 2150 1213 2198 miles
1226 2150 1336 2213 exponi.

49 2232 50 2267 ἓ
103 2232 187 2281 elassis
209 2247 258 2295 pro
281 2232 411 2281 anchoris
429 2236 511 2291 stare,
530 2236 612 2294 atque
632 2234 790 2280 necessaria
808 2233 900 2281 omnia
918 2232 1060 2282 adservari
1079 2234 1191 2283 atinde
1210 2234 1336 2297 suppedi-

49 2372 50 2375 J
105 2319 151 2365 tari
167 2318 277 2379 possint,
296 2319 357 2365 sine
376 2331 429 2379 quo
448 2314 516 2365 nihil
536 2330 597 2364 enm
615 2316 707 2364 fructu
726 2330 845 2379 unquam
865 2316 1038 2379 suscipietur.

702 2488 724 2531 6.

177 2601 211 2650 Ut
235 2603 349 2651 Elector
376 2602 617 2664 Brandeburgiens
644 2603 699 2651 suls
727 2602 844 2651 subditis
870 2604 998 2665 inprImis
1026 2603 1192 2652 Marchianis
1215 2604 1336 2663 mandet,

105 2686 222 2735 exercitui
248 2687 505 2735 confoederatorum
528 2686 578 2735 sub
601 2685 686 2735 ductu
706 2686 730 2734 S.
749 2686 777 2734 R.
798 2686 871 2735 Mxtis
890 2687 1022 2735 alimenta
1041 2692 1070 2735 et
1088 2689 1244 2737 necessaria
1261 2685 1335 2749 justo

105 2772 180 2827 pretio
205 2772 424 2828 sumenistrare,
451 2770 500 2819 nbi
527 2769 562 2818 ad
589 2770 709 2818 confinia
736 2770 866 2819 Marchias
889 2771 1070 2830 accessorium
1097 2776 1181 2834 utque
1205 2771 1335 2821 Borussos

105 2866 159 2901 suos
181 2856 332 2915 contiueat,
358 2868 412 2917 qno
439 2868 468 2903 so
496 2857 545 2901 aut
570 2852 672 2903 amicos
698 2860 745 2902 ant
767 2858 841 2902 certe
861 2857 1000 2904 neutrales
1019 2860 1126 2917 gerant,
1145 2869 1193 2903 uec
1213 2869 1242 2904 se
1260 2855 1335 2904 bello

106 2934 146 2983 isti
168 2939 345 2988 immisceant.
389 2938 434 2987 lta
457 2937 481 2986 S.
505 2936 535 2985 R.
555 2938 642 2995 Μειιιι,
661 2940 716 2986 ιιιο
735 2952 818 2986 onere
837 2952 869 2986 ac
888 2938 1009 3001 periculo
1028 2938 1155 2998 liberata,
1174 2937 1336 2998 abstinebit,

49 3046 51 3063 ι
105 3026 219 3081 qnantum
245 3023 306 3071 fieri
334 3026 435 3085 potest,
464 3021 576 3071 Ducalls
603 3022 737 3071 Borussiae
765 3021 929 3079 ditionibns;
958 3026 986 3071 et
1009 3024 1031 3071 si
1054 3022 1164 3085 quando
1183 3025 1334 3072 necessitas

106 3110 148 3151 aut
168 3109 204 3155 rei
229 3106 359 3169 gerendae
387 3108 458 3155 ratio
484 3108 633 3156 transitum
657 3105 776 3168 aliquem
797 3107 963 3169 poposcerit,
982 3106 1030 3155 fiet
1047 3107 1071 3154 is
1089 3108 1148 3155 sine
1166 3105 1269 3155 iniurla
1287 3111 1335 3154 ant

106 3186 262 3239 detrimento.

175 3408 212 3459 Ne
238 3411 299 3473 quis
330 3408 583 3459 Coniaederatoram
612 3422 673 3458 eum
699 3410 779 3458 hoste
807 3411 944 3459 communi
968 3410 1012 3457 vei
1033 3422 1127 3471 pacem
1146 3411 1190 3457 vei
1208 3408 1334 3458 inducias

107 3490 176 3551 inest,
191 3496 242 3543 nisi
263 3494 379 3556 reliquis
398 3493 602 3556 comprehensis
621 3498 650 3542 et
668 3497 828 3542 cunctorum
849 3508 909 3541 cum
928 3506 1070 3542 consensu.

176 3662 212 3711 De
235 3662 313 3711 hisce
336 3666 365 3709 et
384 3661 420 3710 ad
437 3661 511 3710 hunc
528 3661 637 3709 modum
656 3661 801 3711 statuendi
819 3661 843 3709 S.
863 3661 892 3709 R.
912 3661 991 3709 Mdas
1009 3664 1177 3723 potestatem
1196 3661 1246 3709 dat
1264 3675 1335 3710 com·

109 3742 221 3795 uiuariis
245 3747 302 3795 suis
326 3746 390 3795 d:no
407 3745 514 3795 Jacobo
532 3744 648 3808 Speusio
667 3745 701 3793 de
720 3744 883 3804 Wormston,
902 3746 991 3807 equiti
1009 3749 1116 3803 aurato,
1134 3751 1163 3793 et
1180 3745 1243 3794 dmo
1261 3745 1334 3794 Jano

111 3822 261 3890 Rutigersio,
287 3829 451 3879 consiliario
478 3843 526 3878 suo
549 3828 640 3878 aulico
663 3833 692 3877 et
710 3830 784 3892 apud
801 3825 956 3890 D[om1]nos
975 3828 1093 3878 Ordines
1112 3829 1261 3878 Generales
1280 3829 1335 3877 Fae·

109 3907 245 3962 drauum
263 3912 467 3976 provinciarum
485 3913 628 3963 residenti.
658 3915 756 3962 Actum
770 3912 945 3962 Stoeholmiae
958 3913 1004 3961 die
1018 3916 1049 3960 ιο
1060 3912 1161 3976 Aprilis
1171 3915 1249 3961 Auno
1261 3915 1334 3960 1625.

564 4048 701 4098 Gustatus
720 4046 860 4111 adolphus

685 4146 739 4194 mp.

179 4311 297 4378 Original
323 4317 332 4364 i
360 4314 544 4375 Riksarkivet,
566 4315 741 4375 Hoiisndiea,
764 4315 817 4363 Till
836 4316 995 4365 residenten
1013 4314 1173 4376 Rutgcrsius
1193 4318 1333 4364 itit-25.

113 4389 282 4461 Egenhandigt
308 4399 430 4462 koncept
457 4400 486 4447 ai
509 4399 637 4447 kunalern
661 4400 669 4446 i
693 4398 911 4449 Oxenstiernska
934 4401 1095 4461 samlingeu,
1114 4398 1271 4462 Koncepter
1289 4402 1333 4450 till

115 4472 193 4539 Kongi
217 4480 285 4532 bref.
324 4484 411 4532 Forat
438 4482 532 4545 tryckt
555 4482 604 4531 hos
628 4483 875 4546 Schybergson,
899 4482 1022 4547 διατίθει
1042 4482 1088 4531 oola
1113 4480 1247 4531 Hellaads
1266 4483 1333 4549 dipl.

109 4556 279 4627 mandam,
298 4567 348 4617 sid.
369 4570 408 4615 te.
