3212 5352
1205 406 1265 472 199

74 568 167 634 tiones
199 566 362 656 Principis
396 569 495 634 vestri
527 569 689 657 ingressus
715 569 772 648 nil,
794 570 858 635 nisi
879 570 1016 636 ducatus
1039 570 1146 649 huius,
1169 573 1308 660 purioris

74 669 241 756 religionis,
279 668 488 734 ecelesiarum
523 693 559 734 ac
594 669 775 735 scholarum
807 670 977 736 interitum
1009 684 1178 759 spectaret.
1233 674 1308 739 Non

74 769 148 835 cadit
170 768 241 834 haec
262 769 412 856 impietas
434 768 468 833 in
491 770 522 834 S.
545 770 583 835 R.
606 770 719 836 M:tem
741 770 908 836 dominum
929 795 1045 847 meum,
1066 773 1133 860 qui,
1149 788 1308 861 quantum

75 893 207 958 unquam
240 869 390 935 humanis
421 870 565 935 consiliis
597 870 668 936 fieri
700 882 815 958 potest,
845 871 907 937 hoc
934 896 1035 938 unum
1057 874 1129 961 egit
1151 875 1190 939 ab
1213 874 1307 941 initio

74 971 191 1058 imperii
224 970 287 1047 sni,
321 988 358 1035 ut·
388 982 477 1041 tutus
511 985 596 1037 esset
627 971 718 1036 locus
750 971 892 1038 ecclesiae
919 973 954 1038 in
979 973 1039 1039 hac
1062 974 1159 1062 plaga
1180 988 1308 1063 septen·

73 1071 202 1149 trionali,
236 1084 428 1159 repurgatus
461 1071 645 1160 quisquiliis
679 1072 859 1160 Papalibus.
913 1073 950 1139 ld
984 1097 1060 1141 vero
1091 1097 1157 1140 non
1182 1075 1309 1142 inficior

73 1171 108 1259 [az
128 1170 274 1258 infitior}
303 1173 404 1237 satius
431 1171 536 1238 visum
562 1173 616 1238 hic
638 1172 760 1261 exiguo
781 1173 853 1238 loco
875 1174 1114 1261 aliquantulum
1137 1177 1249 1263 premi,
1271 1188 1309 1243 ut

73 1275 102 1337 in
131 1274 227 1359 longe
260 1271 391 1358 lateque
421 1273 545 1359 patenti
570 1296 671 1362 regno
694 1287 728 1339 ct
749 1273 901 1340 adiuncta
923 1275 1091 1361 provincia
1112 1276 1250 1343 Livonia
1272 1276 1309 1343 li·

73 1373 172 1439 berius
194 1373 362 1460 magisque
384 1372 573 1451 efflorescat,
596 1396 632 1439 ac
655 1373 786 1441 tandem
809 1376 902 1462 lapsu
920 1376 1075 1463 temporis
1090 1377 1188 1442 etiam
1204 1378 1309 1442 radios

74 1498 140 1539 auos
159 1476 194 1539 in
216 1474 284 1539 bac
307 1473 378 1539 loca
400 1474 608 1540 transmittat.

149 1574 235 1656 Quid
267 1597 344 1640 vero
377 1586 434 1653 est,
468 1576 553 1663 quod
587 1574 824 1640 illustrissimus
858 1574 1011 1662 Princeps
1038 1591 1145 1646 vester
1166 1578 1311 1666 expetit?

74 1677 196 1741 Scilicet
218 1690 255 1741 ut
279 1675 310 1740 S.
333 1676 371 1741 R.
395 1675 490 1741 Mass
513 1676 673 1741 abstineat
695 1677 784 1741 omni
806 1689 878 1741 actu
900 1675 1091 1742 hostilitatis
1109 1692 1142 1743 et
1158 1679 1310 1746 ulteriore

74 1777 279 1865 occupatione
301 1799 423 1857 eorum,
446 1800 516 1863 quae
539 1778 578 1842 ad
601 1799 692 1842 suam
714 1776 939 1842 Illustritatenr
961 1778 1135 1864 pertinent,
1152 1780 1253 1846 donec
1269 1780 1310 1846 ds

74 1878 271 1944 neutralitate
303 1877 410 1962 (cuius
443 1877 626 1943 obtinendae
658 1899 699 1943 ex
733 1877 806 1943 aula
838 1877 992 1943 Polonica
1024 1901 1097 1965 apos
1129 1880 1216 1946 facta
1247 1882 1311 1965 est)

74 1978 289 2043 constituatur.
333 1978 447 2059 Quaeso
471 1979 609 2044 D:onem
631 1989 778 2057 vestram,
800 1977 866 2067 [ut]
887 1977 955 2043 haec
978 2001 1037 2065 pro
1058 2001 1117 2044 sua
1139 1981 1311 2068 prudentia

74 2094 151 2144 recte
183 2076 342 2144 aestimet?
385 2078 500 2166 Spacio
529 2079 661 2144 triennii
683 2079 746 2144 ista
767 2079 956 2144 neutralitas
979 2102 996 2143 a
1018 2079 1229 2168 Repub[lica]
1251 2083 1310 2147 Po·

74 2178 141 2244 lona
166 2179 308 2245 obtineri
334 2201 399 2243 non
421 2179 543 2265 potuit3
567 2180 651 2244 unde
673 2179 776 2266 igitur
796 2178 864 2244 haec
887 2179 1095 2245 consiliorum
1117 2194 1181 2246 tom
1206 2182 1312 2247 subita

75 2279 223 2347 mutatio?
266 2281 337 2347 Nec
370 2292 563 2368 potestatem
597 2280 667 2345 eius
699 2278 848 2346 ineundae
881 2281 1045 2347 obtentam
1080 2281 1311 2362 animadverto,

4 2404 6 2479 ς
76 2382 122 2446 sed
153 2405 244 2468 spem
271 2381 402 2459 factam,
429 2404 500 2467 quae
527 2392 646 2447 eventu
668 2403 728 2446 suo
750 2382 940 2447 tractatibus
962 2382 1051 2468 pacis
1073 2382 1240 2448 nobiscum
1262 2382 1312 2448 in·

76 2482 239 2548 stituendis
266 2482 336 2547 sine
364 2481 462 2546 dubio
485 2481 702 2569 respondebit.
745 2481 887 2547 Adiecta
908 2505 1038 2569 quoqne
1060 2483 1118 2548 illa
1139 2484 1312 2549 reservatio

4 2628 5 2641 ,
75 2583 238 2649 iuramenti
266 2606 303 2648 ac
335 2582 414 2648 fidei
446 2605 523 2670 erga
549 2582 671 2670 Regem
699 2582 1008 2670 Remquepublicam
1036 2583 1191 2648 Polonanr
1214 2584 1311 2650 facile

4 2686 5 2691 ’
76 2682 276 2761 demonstrat,
310 2682 416 2770 qualis
448 2683 559 2748 isthaec
591 2683 701 2748 futura
732 2683 774 2749 sit
806 2683 1004 2749 neutralitas.
1060 2683 1146 2764 Quin
1177 2698 1210 2749 et
1239 2685 1313 2750 D=io

4 2790 6 2803 ’
76 2799 181 2863 vestra,
214 2786 292 2851 dum
328 2783 510 2871 Principem
542 2806 636 2848 suum
669 2783 780 2849 isthaec
811 2783 896 2850 ferre
926 2783 1083 2872 indigitat
1104 2785 1145 2850 ob
1168 2784 1312 2851 debitam

4 2880 5 2961 J
77 2884 148 2975 Regi
172 2909 229 2951 suo
251 2885 358 2963 fidem,
382 2885 579 2950 sufficienter
600 2906 657 2949 nos
677 2885 938 2962 commonefacit,
959 2885 1037 2972 quid
1053 2886 1135 2972 Regi
1151 2908 1221 2951 meo
1237 2886 1312 2951 inde

78 2987 306 3074 expectandum
329 2984 381 3050 sit.
426 2991 614 3072 Optaremus
637 2985 786 3072 equidem
801 2984 941 3052 ditiones
957 2985 1116 3072 Principis
1132 2986 1232 3051 vestri
1248 2986 1312 3052 alio

78 3087 138 3152 loeo
165 3087 253 3166 sitas,
282 3101 319 3152 ut
346 3088 414 3152 aine
436 3086 643 3152 incommodo
665 3100 776 3151 nostro
796 3086 837 3150 iis
860 3085 892 3151 S.
914 3087 952 3152 R.
976 3086 1072 3151 M2tas
1094 3085 1196 3173 possit
1218 3087 1314 3153 absti-

4 3264 5 3267 ,
78 3209 152 3266 nere,
174 3210 258 3253 neve
279 3186 366 3252 hosti
385 3200 495 3252 nostro
513 3187 635 3253 relictae
650 3186 757 3275 ipsum
773 3187 921 3252 iuvarent
936 3187 1178 3274 firmarentque3
1200 3211 1312 3254 verum

4 3306 5 3375 ᾗ
79 3310 152 3354 nunc
184 3289 249 3354 isto
276 3311 383 3353 rerum
410 3302 496 3354 statu
519 3288 647 3376 cogitur
669 3286 836 3353 securitati
858 3302 973 3353 nostrae
996 3287 1188 3376 prospicere,
1211 3312 1313 3376 eaque

79 3385 140 3454 loca
159 3389 317 3478 praesidiis
336 3391 454 3455 nostris
476 3390 612 3467 firmare,
634 3411 705 3475 quae
722 3385 867 3475 gerundo
884 3387 1036 3453 adversus
1052 3388 1209 3453 Polonum
1225 3389 1312 3454 bello

80 3489 160 3555 nobis
183 3490 385 3556 munimento
407 3490 519 3556 futura
540 3502 632 3570 sunt3
654 3488 753 3576 idque
775 3487 1012 3553 illustrissimus
1032 3489 1187 3577 Princeps
1206 3503 1313 3556 vester

81 3601 158 3655 tanto
191 3591 362 3656 mirabitur
394 3591 511 3667 minus,
541 3613 605 3677 quo
633 3589 815 3655 adstrictior
836 3588 919 3676 Regi
941 3588 1233 3678 Reiquepubssicae]
1255 3592 1315 3656 Po·

81 3687 151 3755 lonas
172 3705 206 3758 et
227 3714 298 3757 esse
320 3705 354 3757 et
374 3692 479 3757 videri
501 3691 621 3777 cupiat.

153 3792 225 3880 Ego
248 3815 326 3857 vero
348 3792 409 3858 etsi
432 3790 577 3878 Principi
599 3804 706 3857 vestro
729 3790 835 3857 officia
857 3812 928 3856 mea
944 3813 1008 3854 non
1024 3813 1095 3856 sum
1110 3804 1314 3856 recusaturus

81 3889 109 3953 in
139 3892 275 3980 negocio
308 3892 521 3957 neutralitatis
547 3905 633 3958 recte
660 3892 829 3957 formando
852 3890 1154 3980 constituendoque‚
1177 3892 1203 3955 si
1227 3888 1315 3953 illius

4 4020 6 4035 ι
82 3987 257 4058 Illustritati
290 3992 360 4078 ejus
386 3991 474 4057 iusta
496 4016 531 4058 so
554 3992 687 4058 minime
710 3992 849 4059 limitata
870 4002 1013 4078 potestas
1036 4015 1054 4056 a
1075 3992 1166 4078 Rege
1189 3989 1315 4076 Reque·

83 4090 201 4174 publica
234 4092 358 4158 Polona
389 4093 456 4170 fiat,
490 4108 596 4158 tamen
630 4116 702 4158 curn
729 4092 764 4157 id
786 4090 912 4156 cunctis
934 4105 1020 4156 recte
1044 4091 1227 4178 ponderatis
1250 4113 1315 4155 non

84 4190 218 4259 videatur
239 4193 404 4281 possibile,
426 4194 531 4259 multo
552 4193 706 4280 Princeps
728 4206 834 4258 vester
856 4191 1033 4256 consultius
1056 4205 1088 4257 et
1111 4192 1173 4256 sibi
1196 4204 1229 4256 et
1244 4190 1316 4256 aliis

4 4362 5 4375 χ
84 4288 217 4359 iacturas
240 4307 299 4372 est,
323 4294 349 4358 si
372 4295 552 4359 communis
574 4317 746 4383 regnorum
766 4291 1010 4378 tranquillitatis
1026 4314 1156 4356 causam
1172 4291 1316 4359 studiose

4 4392 5 4395 ’
86 4392 162 4476 apud
193 4395 294 4460 bonos
328 4394 417 4458 cives
449 4408 483 4461 et
516 4396 602 4482 pacis
632 4407 774 4461 amantes
797 4406 918 4481 urgeat,
942 4405 988 4470 ut,
1012 4391 1112 4458 finitis
1135 4416 1191 4480 per
1209 4395 1316 4477 justos

4 4518 5 4525 ι
85 4490 276 4584 sincerosqua
309 4506 463 4561 tractatus
496 4496 722 4562 controversiis
755 4493 932 4581 litibusque
966 4495 1093 4571 nostris,
1126 4493 1205 4581 ipsis
1231 4506 1317 4580 post-

87 4592 204 4660 modum
226 4596 323 4662 rebus
345 4596 584 4684 ditionibnsque
607 4597 673 4662 suis
696 4596 764 4661 sine
787 4608 876 4660 metu
897 4594 1031 4660 fruatur.
1076 4594 1139 4660 Cui
1158 4608 1196 4661 ut
1211 4595 1318 4660 hacte-
