3264 5354
1247 438 1289 503 45

86 607 271 671 incitatus&
327 606 415 671 Dum
450 605 629 693 *Principis
656 605 833 692 ingenium,
859 618 969 671 suetos
991 627 1095 673 mores
1118 627 1154 669 ac
1177 605 1333 691 regnandi

86 709 187 773 ates·
205 707 419 794 contemplor,
435 707 513 773 dum
531 707 688 771 'statum'
704 708 811 792 ipsum
827 706 969 792 penitius
984 705 1183 792 introspicio,
1199 706 1333 773 monstri

85 809 148 871 brec
172 808 269 873 nobis
293 807 417 894 aliquid
439 808 525 873 alere
548 807 707 873 videntur.
745 806 820 873 Non
843 828 973 893 possum
991 805 1044 873 hic
1061 806 1232 882 occultare,
1247 807 1332 893 quod

86 909 198 983 sentio,
227 910 372 973 maxime
395 907 563 975 adversum
585 921 630 984 te,
651 930 726 973 cum
750 930 815 993 qua
836 906 920 973 nihil
943 930 1047 994 agere,
1070 907 1133 973 nisi
1153 907 1278 973 sineere
1301 919 1334 971 et

87 1024 206 1093 aperte,
234 1009 317 1077 mihi
346 1010 557 1077 constitutum
580 1021 639 1073 est.
682 1007 767 1072 Puto
789 1008 923 1075 consilia
945 1021 1055 1075 nostre
1075 1030 1242 1075 emanasse
1265 1011 1333 1073 sive

87 1133 126 1174 cx
158 1111 246 1175 aulis
282 1110 463 1197 principum
497 1108 771 1186 Germanicorum,
804 1110 872 1173 sive
906 1131 949 1173 ex
980 1110 1049 1194 ipsa
1075 1108 1205 1195 Anglis.
1255 1108 1333 1175 Haec

89 1212 240 1277 'Mnus'
275 1211 378 1275 veluti
413 1210 494 1275 *sibi
526 1209 644 1275 noxia'
679 1209 845 1296 suspicans
873 1208 1091 1275 *disturbare*
1115 1211 1247 1293 satagit3
1276 1232 1333 1275 uec

88 1326 171 1376 certe
207 1312 390 1399 excogitari
423 1310 622 1374 commodior
649 1310 731 1373 ratio
757 1322 875 1397 posset,
898 1331 995 1395 qnam
1019 1310 1066 1373 'si
1089 1333 1122 1373 sc
1146 1308 1332 1375 offerendo*

88 1414 278 1478 vacillantes
312 1412 495 1499 principum
528 1411 652 1476 animos
684 1407 824 1477 traheret
855 1410 889 1475 iu
924 1411 1099 1489 *nivenen
1133 1434 1168 1475 sc
1198 1423 1333 1479 conatus

88 1516 228 1600 ipsorum
264 1513 402 1590 sisteret,
430 1513 533 1577 donec
555 1512 792 1577 interveniente
814 1534 905 1575 mora
928 1511 1072 1577 'ferror‘
1095 1509 1149 1575 bic
1173 1512 1335 1597 'tepesce-

88 1617 152 1678 ret'
177 1615 349 1701 paulatim,
371 1627 405 1678 et
425 1614 556 1678 tandem
579 1614 716 1679 'macta
737 1611 967 1677 labescersnt'.
1005 1612 1088 1679 Turn
1111 1612 1241 1679 demum
1258 1612 1334 1675 *mi-

89 1716 164 1779 lite'
201 1715 255 1780 rel
290 1715 540 1779 *exauctorato*
574 1736 623 1777 res
657 1714 720 1777 huc
746 1712 903 1800 angustie
925 1710 1129 1789 relaberetur,
1153 1713 1206 1777 vel
1227 1714 1334 1779 forsan

92 1816 256 1882 ‘retento'
282 1815 372 1879 aliud
394 1815 472 1901 quid
495 1815 710 1900 susciperetur
733 1812 830 1879 etiarn
854 1837 873 1877 a
894 1814 1098 1877 restitutione
1119 1836 1226 1879 rerum
1250 1836 1334 1879 com·

91 1918 238 1981 munium
261 1916 456 1981 'alicnum*.

169 2018 252 2083 Haec
274 2030 382 2081 tamen
404 2017 463 2080 vix
484 2015 680 2093 dubitamus,
697 2014 775 2101 quin
791 2038 861 2079 eam
877 2014 942 2079 vim
958 2016 992 2079 in
1009 2014 1170 2100 'Anglia'
1185 2013 1335 2093 habeant,

93 2130 126 2181 ut
159 2118 301 2183 ’fidem'
335 2118 507 2204 negocium
537 2114 598 2180 hoc
620 2139 790 2183 commune
814 2115 916 2180 'serio
940 2116 991 2201 agi
1015 2116 1227 2192 mereantur*,
1248 2115 1334 2181 unde

92 2218 201 2285 sederi
227 2232 339 2283 nostro
366 2220 501 2304 eiusque
529 2217 716 2283 executioni
742 2239 806 2281 non
829 2239 942 2302 parum
965 2216 1189 2303 impedimenti
1210 2215 1336 2300 injicie-

94 2335 155 2399 ta1;
189 2320 287 2406 idque
321 2342 424 2383 causae
455 2317 531 2393 fuit,
564 2317 649 2404 quod
683 2318 713 2382 S.
747 2319 784 2383 R.
813 2317 907 2383 Mztas
934 2317 1081 2383 dominus
1103 2338 1194 2381 meus
1215 2316 1335 2381 famam

93 2423 392 2506 reputationemquc
435 2441 527 2483 auam
571 2419 670 2485 misso
712 2418 820 2505 legato
863 2417 904 2483 ad
943 2416 1104 2483 indictum
1141 2434 1334 2483 conventum

95 2520 242 2605 prostitui
285 2520 437 2585 noluerit.
492 2519 600 2585 iussit
639 2518 847 2585 nihilominus
889 2519 1055 2585 dominum
1092 2518 1262 2604 Spensiurn
1300 2542 1336 2582 ac

95 2621 323 2709 Rntbgersium
354 2621 436 2685 istuc
469 2619 652 2696 convenire,
679 2620 903 2706 declarataquc
927 2631 1033 2683 mente
1056 2641 1092 2684 ac
1115 2619 1281 2685 voluntate
1304 2619 1334 2683 S.

96 2721 129 2785 R.
162 2723 250 2786 Mais
283 2721 425 2807 reliquos
458 2722 602 2796 incitare,
634 2733 670 2785 ut
695 2719 796 2807 legati
819 2719 858 2783 ad
880 2721 1004 2806 Regem
1027 2742 1135 2785 meum
1157 2721 1336 2796 mittentur,

95 2823 147 2908 qai
168 2846 243 2887 eum
266 2822 332 2887 Sua
353 2821 433 2886 Mzte
456 2833 490 2885 et
512 2822 551 2887 de
575 2820 819 2887 condicionibus
840 2820 967 2887 faederis
987 2820 1075 2884 etde
1093 2821 1337 2907 modogerendi

96 2922 170 2988 belli
197 2936 342 2988 statuant
368 2935 402 2986 et
428 2921 637 3001 concludant3
668 2919 939 3008 quemadmodum
961 2920 1071 2987 istlraec
1094 2945 1158 2985 non
1182 2922 1275 2986 modo
1298 2921 1336 2987 ab

96 3024 172 3108 ipsis
194 3023 331 3111 Spensio
354 3037 387 3086 et
409 3022 604 3108 Ruthgersio
626 3022 801 3107 intelliges,
824 3022 879 3086 sed
903 3022 1084 3086 accuratius
1105 3045 1146 3087 cx
1161 3022 1336 3099 literarum,

97 3147 170 3209 quas
195 3127 262 3189 Sua
287 3124 385 3189 Mztas
411 3124 451 3189 ad
474 3137 647 3210 utrumque
668 3123 767 3201 dedit,
790 3122 968 3208 exemplari
990 3122 1131 3199 videbis;
1154 3122 1240 3208 quod
1263 3122 1337 3187 ideo

98 3223 181 3291 bisce
202 3226 380 3311 adiungere
403 3224 502 3301 volui,
527 3237 564 3289 ut
585 3247 625 3287 ne
648 3224 725 3311 quid
749 3238 781 3288 tc
804 3224 1013 3289 consiliorum
1033 3235 1211 3287 nostrorum
1227 3223 1337 3301 lateat,

99 3327 178 3411 quod
199 3326 263 3390 huc
285 3338 413 3410 spectet
434 3338 490 3389 sut
512 3326 681 3411 quicquam
704 3325 850 3389 conferre
874 3324 974 3410 possit
986 3324 1022 3403 ¹).

177 3427 248 3491 Rex
271 3425 421 3512 equidem
442 3448 535 3491 meus
558 3439 675 3491 cuncta
696 3424 851 3491 hactenus
874 3439 907 3490 et
929 3425 1098 3511 proposuit
1119 3437 1152 3489 et
1168 3424 1250 3489 fecit
1264 3448 1338 3489 con·

99 3527 178 3591 tulto
200 3551 236 3592 ac
260 3526 446 3591 deliberate.
490 3526 584 3591 Nihil
607 3528 701 3613 plane
723 3540 886 3591 mutatum
908 3526 941 3589 in
963 3525 1069 3589 animo
1090 3526 1160 3589 Suae
1177 3526 1264 3590 Matis
1280 3539 1338 3604 eet,

99 3627 189 3715 idque
223 3642 258 3693 et
283 3640 319 3691 tu
348 3641 516 3713 procerte
539 3627 815 3710 statuaetRegi
840 3642 895 3691 tuo
919 3626 1054 3712 aliisque
1077 3628 1241 3713 persuade,
1266 3650 1339 3691 eon·

99 3741 213 3794 stanter
235 3728 425 3814 sinceroque
448 3741 565 3793 cuncta
587 3750 630 3791 ex
653 3727 711 3793 hac
735 3741 825 3815 parte
849 3728 911 3813 agi.
955 3727 1056 3814 quue
1081 3739 1118 3791 ut
1141 3726 1204 3802 fist,
1226 3728 1338 3793 incita·

101 3851 167 3894 mur
192 3853 256 3895 non
284 3841 412 3895 tantum
434 3828 713 3895 commiseratione
735 3828 881 3904 eliorum,
904 3828 959 3893 sed
982 3844 1015 3892 ct
1036 3828 1188 3916 periculis
1210 3829 1338 3905 nostris,

101 3954 165 4014 que
197 3930 301 4016 megia
333 3929 501 4016 magisque
535 3941 702 4016 augentur.
757 3929 983 3995 lntelleximus
1017 3930 1114 4006 enim,
1143 3929 1338 4013 ‘Caesarem'

100 4053 179 4095 nunc
211 4031 274 4095 hoc
303 4052 408 4117 agere,
437 4044 474 4093 ut
502 4031 616 4108 12‚000
635 4029 776 4095 militum
800 4053 818 4094 s
840 4030 987 4097 Ducibus
1010 4031 1244 4095 *Pomeraniae'
1265 4030 1339 4095 loco

101 4132 232 4215 maesidii
268 4129 480 4215 accipiantur,
517 4129 604 4195 unde
641 4143 796 4217 quantum
831 4131 964 4197 *nobis*
998 4129 1134 4215 periculi
1168 4142 1339 4206 accrescat,

101 4230 187 4295 facile
211 4231 487 4297 'animadvertere
509 4231 619 4296 licet'.
663 4231 724 4297 Sed
747 4246 883 4318 oportet,
900 4242 937 4295 ut
951 4243 1067 4295 errante
1082 4230 1216 4295 consilia
1231 4244 1340 4297 nostra

178 4401 198 4463 ¹)
224 4404 338 4453 'l'venns
364 4404 529 4467 konungens
555 4405 618 4454 brat
640 4404 684 4453 tlll
707 4404 792 4468 Spens
812 4404 840 4452 at
859 4402 884 4451 d.
905 4406 936 4451 13
955 4404 1027 4452 Mars
1045 4403 1134 4451 finnus
1152 4403 1224 4451 etter
1241 4403 1341 4466 koplor

100 4487 204 4547 tryakte
222 4488 273 4537 hos
292 4487 414 4547 Moser,
432 4487 510 4536 Patr.
530 4488 642 4547 Arabia,
659 4487 691 4548 V,
709 4488 761 4537 std.
782 4491 926 4547 lta-1463
943 4502 987 4536 ona
1008 4493 1110 4536 tvenne
1125 4486 1298 4550 tlllRatgers
1311 4500 1340 4535 sa
1386 4498 1389 4503 ·

102 4570 176 4619 alren
193 4570 244 4621 ald.
264 4575 298 4619 43
316 4576 366 4620 not
385 4568 414 4630 ¹).
448 4554 536 4621 dirae
554 4572 590 4621 de
608 4570 758 4634 atnepos·
776 4573 866 4621 finnus
884 4573 893 4620 i
909 4572 1033 4634 knnaept
1051 4571 1081 4620 at
1097 4571 1227 4621 kanslern
1242 4572 1251 4618 l
1264 4571 1340 4621 les·

100 4653 201 4704 arktset
218 4655 307 4707 bland
326 4656 432 4707 danaes
450 4655 603 4720 koneeptar
620 4654 664 4706 ttll
682 4655 781 4719 Kangl.
801 4655 873 4707 Brut.
