3290 5360
345 432 407 495 708

305 613 399 686 portu
434 598 621 663 Gedanense
648 597 850 661 commissam
873 597 961 660 inter
981 597 1072 661 binas
1095 609 1217 660 nostras
1240 617 1336 659 nares
1359 609 1392 659 et
1414 595 1550 658 classem

304 699 500 773 Polonicnm,
528 700 625 784 inque
653 722 690 763 ea
716 700 823 762 navim
850 720 946 762 unam
969 696 1138 784 n[ost]ram
1162 719 1236 761 cum
1258 696 1332 761 caesi
1356 696 1446 781 prius
1470 696 1551 777 ejus,

303 800 361 887 qui
395 799 466 865 vice
490 799 647 863 admiralii
669 799 876 885 fungebatur,
901 797 967 861 dtni
991 797 1244 863 Stierneaclrildii
1267 819 1399 883 corpore
1422 810 1551 882 captam

303 900 480 988 cognorim,
506 899 645 986 ideoque
669 922 732 985 qno
755 899 817 983 ipsi
840 899 995 963 defuncto
1013 899 1102 983 justa
1124 900 1247 974 fierent,
1271 916 1304 963 et
1326 920 1403 983 erga
1424 895 1552 960 fortiter

305 1025 361 1086 pro
393 1001 497 1086 patria
525 1014 723 1086 pugnantem
747 1015 779 1063 et
801 1015 964 1063 mortuum
988 999 1140 1063 affectum
1163 999 1262 1062 animi
1284 998 1384 1062 nostri
1406 1011 1551 1071 testarer,

304 1101 458 1166 Senatum
493 1101 714 1165 Gedsnensem
750 1100 789 1163 de
817 1100 1009 1186 recipiendis
1032 1101 1102 1183 ejus
1124 1100 1267 1185 reliqniis
1289 1097 1550 1185 compellandum

304 1201 495 1277 censuerim,
529 1202 619 1264 nolui
652 1202 864 1275 committere,
898 1200 974 1287 quin
1003 1215 1036 1264 et
1064 1198 1335 1286 D[omin]ationes
1358 1222 1440 1262 amas
1465 1197 1551 1262 hisce

304 1303 407 1367 literis
431 1303 509 1366 meis
533 1302 715 1379 salutarem,
737 1315 771 1365 et
792 1300 819 1363 si
842 1300 919 1387 quid
943 1302 1069 1364 intereo
1089 1301 1243 1387 temporis
1259 1299 1427 1364 incidisset
1443 1297 1553 1385 cogni·

306 1418 383 1467 tuve
416 1416 509 1477 esset,
543 1404 627 1488 quod
659 1425 709 1466 me
736 1403 816 1466 scire
841 1403 958 1466 D=ones
981 1424 1054 1465 vzroe
1077 1400 1206 1476 vellent,
1231 1414 1266 1465 nt
1289 1422 1396 1463 ansam
1420 1401 1453 1464 id
1480 1400 1553 1464 scri·

306 1503 402 1569 bendi
429 1502 610 1589 praeberem.

392 1602 615 1668 Gratissimum
649 1602 735 1667 enim
770 1601 847 1665 mihi
882 1602 956 1674 fuit,
990 1625 1026 1665 ae
1053 1602 1167 1666 merito
1194 1601 1311 1665 summi
1334 1602 1435 1665 officii
1459 1601 1552 1665 bene·

307 1704 522 1789 volentiaque
545 1704 616 1767 loco
639 1702 752 1775 habe0,
775 1703 860 1789 qnod
885 1703 1002 1766 Drones
1025 1725 1099 1765 vzroe
1121 1702 1201 1765 mihi
1224 1702 1264 1766 de
1287 1702 1553 1787 Duynkerkieno·

306 1829 377 1869 rum
411 1804 501 1868 clade
536 1803 860 1886 communicarunt1).
914 1804 1022 1867 Relnta
1045 1805 1084 1865 ad
1108 1825 1159 1866 me
1182 1802 1293 1866 eadem
1316 1816 1392 1866 sunt
1414 1825 1489 1866 curn
1512 1826 1553 1866 ex

305 1906 392 1970 freto
418 1904 550 1977 Danico,
573 1919 642 1968 tum
666 1928 707 1968 ax
729 1903 798 1989 ipsa
821 1903 945 1979 Suecis,
969 1903 1023 1967 ubi
1048 1926 1189 1990 pugnam
1212 1902 1298 1967 inter
1319 1901 1505 1989 r[est]rates
1521 1920 1552 1966 et

306 2005 577 2090 Duynkerkianos
623 2003 662 2067 ad
705 2004 815 2068 littora
852 2004 1021 2091 Norvegiae
1057 2005 1259 2069 commissam
1296 2004 1416 2068 ferunt.
1473 2003 1552 2089 Spes

306 2107 417 2192 itaque
451 2128 501 2169 me
535 2118 625 2170 tenet
656 2105 773 2169 famam
803 2106 884 2168 hanc
911 2104 1046 2170 diversis
1069 2105 1148 2169 locis
1171 2127 1310 2192 sparsam
1333 2126 1396 2167 non
1421 2105 1554 2167 omnino

307 2229 420 2272 vanam
444 2228 523 2269 esse.

392 2307 441 2371 De
477 2329 585 2392 pugna
617 2305 674 2368 illa
705 2305 744 2369 ad
780 2320 906 2390 portum
937 2305 1157 2370 chanensem
1182 2306 1351 2369 commissa
1374 2306 1476 2369 multa
1498 2304 1553 2370 hic

306 2408 491 2472 referuntur
523 2430 566 2470 ex
599 2405 717 2470 affectu
750 2405 802 2470 vel
837 2406 990 2479 authoris,
1023 2406 1079 2470 vel.
1109 2407 1179 2469 cius
1211 2407 1265 2492 qni
1298 2405 1397 2470 audit.
1447 2406 1553 2470 Nemo

308 2523 417 2572 autem
451 2507 595 2570 omnium
622 2506 760 2570 certiora
786 2506 866 2569 mihi
895 2506 1051 2570 Dzonibus
1073 2506 1148 2570 vnis
1170 2507 1303 2571 reddere
1324 2508 1453 2592 poterit,
1478 2529 1553 2570 cum

308 2608 494 2695 capitaneos
528 2607 658 2671 navium
688 2630 825 2681 suarum,
849 2620 885 2670 ut
907 2606 1067 2684 intellexi,
1091 2608 1192 2692 praelii
1215 2621 1412 2694 spectatores
1435 2606 1553 2672 habue-

307 2709 381 2773 rint.
427 2709 567 2794 Ideoque
590 2706 624 2771 ni
634 2706 676 2789 (i)
699 2707 855 2771 Dzonibus
878 2708 953 2772 ruris
974 2708 1136 2793 ingratum
1159 2709 1251 2781 foret,
1275 2707 1354 2771 mihi
1377 2722 1464 2771 certe
1483 2730 1553 2792 gra-

310 2811 469 2872 tissimum
497 2823 581 2872 esset
604 2807 707 2885 initia,
733 2831 934 2894 progressum
958 2810 1147 2895 exitumque
1171 2808 1282 2895 prelii,
1305 2823 1338 2873 et
1354 2800 1400 2871 ¹an
1423 2808 1554 2895 reliquae

308 2933 406 2975 neves
439 2908 583 2996 n[ost]rae
617 2910 721 2974 eidem
755 2909 910 2973 immixtae
942 2910 1070 2987 fuerint,
1099 2923 1155 2973 eut
1182 2932 1243 2995 qua
1269 2908 1308 2974 de
1331 2932 1429 2973 carisa
1451 2910 1553 2973 otiose

309 3010 532 3097 spectaverint,
568 3034 625 3095 per
659 3011 778 3073 Dtones
812 3033 893 3073 vzras
921 3032 1123 3096 cognoscere.
1168 3010 1248 3074 Peto
1271 3024 1378 3074 autern
1402 3010 1483 3075 mihi
1505 3010 1552 3097 ig-

308 3112 407 3187 nosci,
432 3110 517 3196 quod
543 3116 614 3175 uta'r
637 3109 696 3173 hac
719 3109 882 3187 libertate3
905 3111 939 3174 id
961 3112 1047 3174 enirn
1070 3111 1156 3175 facio
1180 3134 1218 3174 eo
1241 3109 1468 3187 confidentius,
1480 3134 1551 3175 curn

309 3211 449 3275 vicissim
481 3210 562 3275 mihi
595 3211 807 3275 constitutum
835 3210 878 3274 sit
900 3211 1025 3275 nullum
1048 3210 1146 3275 officii
1169 3234 1270 3296 genus
1293 3212 1372 3297 ipsis
1395 3234 1553 3275 recusare.

308 3313 396 3377 Deus
430 3311 601 3398 opt[imus]
627 3310 815 3398 max[imue]
843 3313 961 3376 Dzones
984 3334 1065 3375 utras
1089 3311 1192 3375 salvas
1214 3312 1458 3397 incolumesque
1481 3335 1552 3376 con·

309 3426 423 3478 servet.
467 3414 635 3477 Dabantur
657 3413 804 3499 Elbingae
826 3411 878 3475 die
901 3413 941 3475 26
965 3412 1157 3476 Novembris
1181 3416 1242 3475 Azo
1266 3414 1356 3475 1627.

1084 3546 1223 3610 Axclius
1245 3546 1470 3611 Oxenstierna.

396 3704 485 3767 Kopla
502 3706 511 3753 1
530 3703 703 3764 Regiatratur
721 3704 798 3752 otver
816 3702 1026 3765 avenel-polana
1045 3701 1302 3764 andethandllngen
1320 3701 1478 3753 lPrenssen
1492 3704 1551 3751 162?

309 3788 486 3845 Nom-Deo,
504 3786 685 3846 Riksarkivat,
705 3786 842 3846 Polonlca,
861 3786 1088 3849 Forhandllngar.

1131 3917 1143 3955 8
1155 3917 1209 3957 Dec.

395 3943 414 4005 ¹)
442 3947 476 3996 Se
502 3946 696 3996 studcbndens
722 3946 783 3995 bret
809 3945 874 3995 tran
901 3947 1005 4011 Danrlg
1025 3946 1054 3995 al
1076 3945 1101 3993 d.
1122 3970 1218 4026 ᾗῇ
1237 3947 1309 4003 1⁶27,
1327 3944 1552 4009 aegrarraturor·

310 4069 358 4104 var
375 4057 635 4118 unllorhandllngen
655 4055 662 4103 i
682 4054 815 4104 Preusscn
835 4057 907 4114 1627,
927 4055 1065 4115 Polcnlca,
1084 4055 1311 4118 Fbrhsndlingar.
