3264 5354
1240 436 1280 499 55

84 604 271 689 propediem
305 603 454 667 futurum
476 624 569 689 spero
582 604 618 687 ¹).
663 603 709 668 Ut
731 624 807 666 vero
830 602 994 690 intelligas
1016 625 1122 668 rerum
1145 615 1264 667 statum
1287 625 1323 667 ae

83 718 195 767 ennete
228 704 350 768 rectius
383 703 555 788 dijudices,
589 701 656 767 haec
683 702 799 768 uddere
827 725 930 789 eperae
958 704 1097 789 pretium
1120 703 1208 768 duxi.
1254 704 1324 768 Rex

86 806 191 868 Dnnioe
225 804 356 890 scripsit
388 826 497 869 mense
527 803 692 868 Februarii
716 803 754 868 ad
778 805 898 890 Regem
922 827 1037 882 meum,
1060 826 1094 868 se
1116 826 1174 889 pro
1196 804 1324 869 restitu-

85 906 168 970 tione
191 928 299 970 rerum
323 927 359 968 ac
382 927 607 991 oppressorum
629 904 768 968 tuitione
791 906 970 969 exereitum
993 904 1203 981 conscribere,
1227 918 1324 991 atque

86 1022 118 1069 ut
142 1020 263 1070 cuncta
290 1007 324 1069 in
348 1005 520 1092 pristinum
543 1017 577 1069 et
599 1005 810 1092 tranquillum
833 1018 953 1069 statum
976 1006 1215 1082 reducerentur,
1238 1006 1324 1069 labo·

86 1130 158 1170 rare.
203 1107 326 1171 Rumor
347 1129 476 1192 quoque
499 1106 668 1182 increbuit,
689 1128 750 1170 nec
769 1105 901 1169 incertis
917 1105 1117 1182 authoribus,
1132 1107 1324 1170 immensum

88 1208 184 1293 parari
207 1208 389 1271 exercitum
412 1207 446 1271 et
468 1206 542 1291 cogi
565 1205 604 1269 ad
628 1205 740 1270 Albim
762 1230 798 1270 ac
822 1206 1000 1294 Visurgim,
1023 1220 1057 1271 et
1079 1208 1204 1271 Ducem
1226 1207 1324 1270 Saxo-

87 1310 141 1372 niae
174 1308 400 1373 Vinariensem
435 1307 625 1371 Generalem
659 1306 821 1394 equitatus
854 1307 1016 1385 futurum3
1050 1307 1172 1392 Regem
1196 1329 1325 1393 quoqne

87 1410 187 1494 ipsum
220 1411 255 1473 in
292 1408 469 1472 Holsatiam
499 1430 532 1472 se
555 1408 713 1493 recepisse
736 1409 933 1472 maturandse
956 1407 1098 1471 rnilitum
1120 1408 1326 1494 conscriptio·

88 1511 132 1573 nis
151 1533 257 1579 eausa
280 1522 313 1573 et
334 1523 372 1573 ut
394 1521 590 1572 conventum
614 1509 802 1593 Principum
827 1508 991 1572 Inferioris
1015 1508 1161 1573 Saxouiae
1183 1509 1326 1573 consiliis

89 1611 148 1673 sois
178 1611 409 1674 moderaretur.
466 1609 543 1674 Haec
576 1609 604 1672 si
630 1631 706 1672 vera
732 1622 816 1687 sunt,
840 1620 877 1672 ut
899 1631 967 1673 esse
989 1608 1151 1685 existimo,
1174 1622 1208 1673 et
1229 1609 1327 1673 susei-

91 1712 211 1796 piantur
233 1732 292 1796 pro
313 1734 347 1775 re
369 1711 542 1787 communi,
566 1733 659 1797 spero
682 1709 858 1774 Catholicis
881 1709 1033 1773 Romanis
1054 1709 1176 1796 aliquid
1191 1710 1327 1795 impedi·

91 1812 181 1875 menti
215 1812 374 1894 injectum
407 1811 458 1887 iri,
491 1833 531 1873 ne
564 1811 697 1897 impune
731 1824 918 1896 grassentur
943 1822 1038 1896 atque
1061 1823 1184 1874 ceteros
1208 1810 1327 1875 amicos

92 1926 206 1976 nostros
237 1934 296 1998 pro
317 1911 424 1976 lubitu
447 1911 626 1998 exagitent,
649 1911 789 1975 maxime
812 1934 887 1974 cum
908 1912 995 1974 fama
1018 1910 1069 1987 sit,
1093 1911 1237 1996 legatum
1260 1912 1327 1975 Bri·

93 2014 247 2077 tsnnicum
282 2017 536 2096 Amstrytterum
571 2013 677 2077 reditu
711 2013 743 2074 in
777 2012 931 2098 Angliam
966 2034 1025 2076 suo
1057 2012 1259 2089 effecturum,
1290 2027 1328 2077 ut

92 2114 158 2177 inde
180 2136 238 2199 pro
259 2112 506 2177 continuatione
529 2112 607 2176 belli
630 2135 747 2201 magna
770 2114 914 2199 pecuniae
935 2113 985 2176 vis
1007 2112 1276 2177 subministretur.

167 2214 290 2293 Quodsi
305 2214 409 2299 igitur
421 2213 474 2277 illi
486 2213 590 2300 Reges
603 2215 725 2298 junctis
740 2213 884 2277 consiliis
900 2227 933 2277 et
947 2212 1063 2299 opibus
1079 2214 1250 2299 negocium
1265 2212 1326 2277 hoc

94 2314 222 2400 adgressi
246 2313 380 2391 fuerint,
403 2335 467 2377 uon
489 2313 551 2377 erit
567 2314 606 2378 de
622 2314 706 2378 bono
722 2335 827 2378 rerum
843 2326 962 2377 eventu
979 2313 1203 2378 dubitandum.
1231 2313 1327 2378 Certe

95 2415 175 2478 nobis
195 2415 228 2478 id
252 2414 419 2479 commode
443 2415 615 2479 admodum
639 2415 807 2490 accideret,
831 2415 954 2499 Regem
976 2427 1119 2478 nostrum
1143 2413 1273 2478 liberari
1288 2437 1327 2479 eo

96 2530 123 2578 et
150 2515 292 2602 periculo
326 2528 360 2581 et
392 2538 497 2587 onere,
533 2539 591 2579 nee
625 2514 731 2578 minus
765 2516 904 2602 gaudere
922 2516 1013 2598 justa
1035 2514 1206 2579 securitate
1230 2530 1326 2601 atque

96 2628 275 2699 potestatem
298 2617 446 2681 obtinere
468 2616 552 2680 vires
575 2638 648 2679 suas
669 2636 781 2680 omnes
803 2617 992 2700 conjunctas
1014 2615 1137 2679 Polono
1155 2638 1326 2702 opponere,

95 2738 158 2779 eum
193 2739 313 2804 magna
348 2717 526 2781 seeundum
560 2717 665 2781 Deum
698 2739 755 2803 spe
787 2730 821 2781 et
853 2716 1063 2803 propulsandi
1096 2715 1198 2780 hostie
1232 2730 1327 2803 atquo

95 2818 180 2881 etism
205 2818 396 2893 lacessendi,
419 2818 446 2881 si
469 2840 551 2904 opus
573 2818 625 2896 sit,
648 2830 682 2882 et
703 2830 828 2881 ceteros
850 2810 1067 2904 Evangelicos
1090 2840 1132 2881 ex
1153 2816 1214 2881 hac
1237 2831 1327 2904 parte

96 2918 210 3002 tutos2)
241 2918 409 2983 reddendi.
462 2918 585 3005 Regem
609 2918 717 3004 itaque
740 2918 851 2982 Daniae
874 2919 945 2982 Rex
967 2940 1057 2981 meus
1080 2939 1144 2981 non
1166 2919 1327 2983 retrahen-

95 3017 171 3094 dum,
192 3021 247 3083 sed
272 3020 382 3105 potius
404 3019 605 3083 incitandum
628 3018 689 3083 sibi
713 3019 848 3104 putavit,
872 3018 1018 3104 datisque
1040 3018 1143 3083 literis
1166 3031 1200 3082 et
1219 3041 1327 3104 preca·

97 3130 139 3181 tus
169 3133 216 3183 est
249 3119 383 3185 felicem
416 3142 599 3184 successum
633 3120 737 3206 ceptis
770 3132 812 3198 et,
843 3119 871 3182 si
898 3119 925 3183 is
948 3131 1118 3196 recusaret,
1142 3142 1176 3183 se
1199 3142 1326 3183 ceresam

95 3242 286 3285 communem
319 3220 487 3285 tutandam
516 3234 743 3306 suscepturum
769 3220 871 3284 fuisse
894 3219 1044 3284 ostendit.
1091 3220 1220 3286 Putavit
1241 3220 1325 3287 enim

97 3318 147 3383 hee
176 3321 248 3385 loeo
283 3321 407 3385 stimuli
439 3321 519 3399 fore,
549 3344 687 3406 cumque
710 3319 865 3385 credibile
887 3321 930 3385 sit
952 3335 1048 3405 atque
1071 3320 1169 3385 etium
1192 3334 1327 3397 constet,

96 3421 295 3486 secretissima
324 3444 457 3508 quaeque
484 3421 691 3485 consssiorum
719 3433 900 3486 nostrorum
923 3444 966 3486 ex
987 3422 1111 3509 Anglia
1132 3421 1166 3485 in
1190 3421 1327 3486 Daniam

96 3541 258 3601 emanasse,
283 3523 388 3586 visum
412 3536 460 3587 est
481 3522 575 3586 illum
597 3521 680 3586 nihil
703 3522 817 3600 celare,
842 3522 947 3608 *quod
972 3536 1045 3587 ante
1068 3521 1233 3604 sciret*³).
1276 3523 1328 3587 Tu

95 3624 191 3687 omnia
223 3637 373 3687 accurate
406 3645 581 3710 cognosces
615 3646 657 3687 ex
683 3622 786 3687 literis
812 3644 830 3685 e
859 3622 989 3688 Suetico
1012 3622 1047 3686 in
1068 3623 1204 3686 latinum
1228 3635 1328 3687 trans·

95 3719 159 3787 latis
170 3725 206 3807 ⁴).

168 3824 292 3888 Verum
326 3823 464 3888 habeant
494 3822 572 3903 haec,
606 3846 702 3911 quem
733 3837 874 3911 possunt,
909 3838 1073 3901 eventum,
1105 3824 1192 3888 noris
1220 3838 1327 3889 tamen

98 3920 206 4010 Regem
239 3947 348 3990 meum
382 3926 547 4012 proposito
581 3947 640 3989 suo
670 3938 852 3991 constanter
879 3925 1034 3990 insistere.
1080 3923 1113 3988 Si
1136 3925 1257 3988 fuerint
1278 3947 1327 3989 res

171 4145 190 4205 ¹)
208 4149 241 4198 Se
260 4149 345 4197 efran
363 4147 410 4197 Nn
427 4151 467 4197 29.

170 4227 271 4291 ‘llled
289 4231 372 4281 ordet
390 4236 480 4282 tutos
498 4233 586 4282 slutar
603 4232 712 4282 brsfvet
730 4234 740 4280 1
759 4231 893 4282 Collectlo
907 4231 1108 4280 Camersrlana.
1137 4230 1190 4279 Det
1202 4229 1327 4294 foliande

100 4311 182 4364 bladet
198 4320 229 4365 tr
247 4316 406 4365 bortrllset.

171 4396 191 4457 8)
209 4401 247 4449 De
266 4399 387 4449 heroon
407 4401 416 4448 l
435 4400 483 4449 det
499 4399 625 4462 {iliande
644 4400 673 4448 al
691 4399 771 4449 detta
790 4398 853 4447 brai
871 4400 946 4448 inom
960 4396 1110 4447 asterlsker
1122 4397 1229 4447 skritna
1242 4398 1327 4448 orden

100 4483 140 4529 tte
154 4485 165 4532 1
180 4484 328 4547 konecptct
345 4483 452 4533 skrlfna
470 4484 532 4533 med
550 4483 695 4535 kanslerns
714 4497 784 4545 egen
802 4482 877 4532 hand
895 4483 948 4532 och
965 4481 1148 4545 formodltgsn
1163 4481 1328 4532 ebilirerada

102 4564 270 4629 leuginslet.

172 4646 193 4709 ⁴)
210 4652 242 4700 Se
260 4652 312 4701 ald.
331 4655 363 4701 ot
382 4655 432 4701 not
450 4648 476 4710 ¹).
