3264 5354
334 468 374 531 26

289 655 466 711 emanasse,
500 634 607 721 quod*
635 635 666 697 S.
695 634 732 698 R.
755 634 849 698 Mztss
871 635 1020 699 dominus
1043 657 1134 699 meus
1157 634 1283 699 'officis
1304 657 1363 699 suc
1383 634 1541 699 obtulerit

289 757 395 800 censae
428 736 592 798 communi
619 757 676 822 per
703 735 893 821 Spensium'
921 750 956 799 st
982 735 1208 811 ’Bellinium',
1232 734 1369 822 ideoque
1393 735 1539 821 ‘Regem

292 835 414 911 Deniae,
449 850 486 900 ut
518 834 585 899 hcc
621 835 842 921 perturbaret*
877 850 974 922 etque
1008 835 1195 901 'ardorem'
1229 858 1350 912 eorum,
1383 836 1440 921 qui
1473 835 1539 899 hoc

289 936 459 1023 negotium
492 951 603 1024 egunt,
638 934 891 1022 'restingueret'
926 949 1023 1022 atque
1058 936 1117 1000 'ob
1151 936 1294 1001 amicitis
1322 936 1353 999 S.
1381 936 1417 1000 R.
1447 935 1539 1000 Meis

290 1038 482 1115 everteret'‚
506 1038 650 1102 studium
665 1036 871 1123 officiumque
888 1038 1000 1101 'suum
1016 1048 1170 1102 testatum
1188 1037 1286 1102 esss'.
1321 1036 1387 1102 Ubi
1401 1036 1540 1100 consilis

291 1153 399 1203 nostro
425 1137 505 1202 'hec
533 1154 600 1202 erte
623 1137 750 1202 deleto*
765 1139 791 1220 ¹)
815 1138 950 1215 fuerint,
977 1137 1094 1202 'focile
1120 1138 1266 1201 inveniet
1286 1138 1337 1202 sui
1359 1137 1539 1202 excusandi

289 1261 430 1311 ccusnm,
464 1239 677 1325 culpamque*
712 1238 745 1301 in
781 1237 880 1302 'elios
907 1238 1135 1316 transferendi3
1162 1237 1208 1302 sic
1230 1238 1414 1304 deseretur*
1438 1260 1540 1302 ceusu

289 1340 481 1417 communis,
517 1340 574 1403 'ut
606 1339 741 1424 privetis
768 1338 939 1403 effectibus
960 1339 1079 1403 nostris
1101 1339 1357 1426 indulgeamus'.
1402 1339 1446 1402 Ni
1469 1339 1540 1402 haec

292 1462 368 1504 vers
401 1454 484 1517 sunt,
518 1454 599 1526 puto
632 1463 683 1505 me
717 1463 777 1504 nec
806 1438 991 1503 'homines'
1020 1462 1123 1517 nosse,
1147 1462 1206 1505 nec
1229 1441 1401 1526 quicquum
1424 1462 1539 1503 eorum

289 1540 485 1627 intelligere,
509 1563 579 1627 quae
603 1540 643 1605 cd
666 1540 897 1625 rempublicam
920 1540 1091 1625 pertinent.
1132 1541 1321 1606 'Deteriors
1335 1538 1442 1604 hisce*
1458 1540 1540 1604 nolo

292 1642 457 1728 sugumri3
483 1654 533 1705 set
554 1642 640 1706 enim
664 1663 779 1728 magns
802 1640 907 1705 'mulo
929 1641 1016 1704 haec'
1039 1654 1122 1706 sunt.

376 1741 537 1829 Quicquid
571 1765 647 1807 vero
680 1742 722 1806 sit
755 1756 788 1807 et
820 1742 848 1806 si
880 1741 982 1806 falsus
1015 1765 1095 1821 sum,
1123 1765 1228 1828 quaeso
1251 1764 1408 1828 cognosce
1430 1754 1463 1805 et
1484 1764 1539 1805 mc

292 1843 438 1907 informs.
493 1839 649 1908 Omnium
686 1842 873 1921 officiorum,
911 1866 981 1929 quae
1015 1843 1171 1907 hactenus
1203 1843 1380 1930 prestitisti
1413 1856 1469 1907 eut
1501 1842 1539 1905 in

290 1958 457 2031 posterum
485 1956 632 2029 praestsre
654 1944 784 2029 poteris,
807 1944 868 2008 hoc
890 1943 988 2007 facile
1010 1945 1073 2008 erit
1095 1946 1282 2020 maximum,
1305 1944 1333 2008 si
1355 1968 1412 2029 per
1432 1958 1466 2007 te
1488 1942 1539 2007 in·

291 2043 522 2119 tellexerimus‚
556 2043 685 2108 hiscens
718 2044 862 2109 consiliis
893 2044 1066 2127 'juventur
1092 2046 1171 2119 κε’,
1195 2067 1233 2108 an
1258 2043 1539 2131 'perturbentur‘,

290 2157 388 2231 etque
414 2168 454 2209 sn
481 2144 548 2208 haec
573 2145 741 2209 *sincere*
766 2167 838 2208 cum
862 2145 952 2232 Rege
974 2167 1047 2209 meo
1071 2145 1239 2209 *smieitiae
1262 2146 1356 2232 signs
1376 2146 1472 2219 sint',
1495 2168 1539 2209 en

290 2247 326 2311 in
360 2247 526 2311 *fraudem
560 2242 786 2331 excogitnts'?
840 2246 876 2309 ld
910 2268 988 2309 vero
1021 2246 1103 2310 scire
1135 2269 1239 2332 operae
1273 2247 1410 2332 pretium
1442 2259 1539 2321 esset,

292 2360 486 2412 censesntne
515 2346 587 2409 Rex
614 2360 688 2410 tuus
712 2359 807 2433 etque
829 2346 928 2411 ceteri
949 2348 1093 2411 fautores
1115 2370 1216 2412 ccusae
1239 2347 1387 2433 publice,
1412 2346 1539 2432 ‘magis

290 2473 309 2512 e
337 2470 371 2512 re
394 2446 558 2511 communi
581 2468 661 2525 esse,
685 2459 720 2509 ut
743 2447 814 2511 Rex
837 2469 925 2511 meus
948 2470 988 2511 en
1011 2460 1049 2511 ut
1071 2447 1142 2511 Rex
1164 2448 1276 2512 Dsniae
1298 2448 1538 2512 restitutionem

290 2571 397 2613 rerum
430 2548 465 2612 in
498 2570 532 2611 se
565 2548 752 2633 suscipint‘.
807 2547 924 2612 Fateor
948 2549 1110 2634 equidem,
1134 2570 1176 2612 ex
1198 2571 1259 2611 usu
1283 2548 1395 2636 'regni
1417 2548 1536 2632 hujus*

291 2650 395 2736 magis
418 2671 498 2726 csse,
521 2660 557 2711 ut
578 2647 613 2711 id
636 2649 741 2712 oneris
763 2648 955 2733 conjicietur
977 2649 1010 2713 in
1035 2649 1175 2736 *Regem
1192 2650 1333 2726 Deniae'‚
1351 2672 1425 2713 cum
1444 2649 1539 2713 nobie

289 2750 439 2826 sufficiet,
462 2747 655 2836 ex[s]titisse
678 2750 819 2836 aliquem
842 2750 1008 2837 egregium
1033 2749 1223 2837 principem,
1246 2751 1301 2836 qui
1324 2750 1477 2814 remorari
1500 2773 1538 2814 sc

289 2852 404 2915 sistere
435 2873 531 2914 susus
558 2848 659 2914 fuerit
686 2850 853 2914 victom‘sm
876 2850 1121 2916 Pontificiorum
1143 2874 1178 2915 sc
1201 2851 1297 2915 nimis
1319 2851 1539 2915 excrescentis

290 2951 468 3016 ambitiose
496 2952 659 3037 potentiae,
682 2952 802 3038 quique
824 2951 991 3036 impediet,
1013 2975 1053 3016 ne
1075 2952 1189 3015 domus
1212 2953 1383 3016 Austrinos
1400 2951 1539 3035 junctis·

291 3053 372 3117 sima
394 3052 516 3116 Polono
537 3074 644 3116 rerum
667 3053 706 3116 sd
722 3074 809 3116 ruste
825 3051 1008 3117 Bulthicum
1024 3052 1177 3137 potietur,
1192 3052 1348 3139 nobisque
1365 3053 1539 3139 nliqnsndo

288 3154 397 3240 gmvis
419 3153 595 3217 incumbat.
640 3153 713 3217 Hoc
736 3164 834 3229 metu,
858 3154 914 3239 qui
937 3153 1112 3217 secuudum
1134 3176 1263 3217 causum
1284 3152 1447 3241 publicam
1463 3176 1540 3218 con·

292 3254 400 3318 silium
429 3254 499 3317 eius
527 3253 656 3341 negocii
685 3253 902 3340 *suscipiendi
926 3252 958 3318 S.
981 3254 1073 3317 uiui·
1097 3254 1269 3343 suggessit,
1293 3254 1430 3332 liberati,
1454 3255 1539 3320 bene

291 3355 459 3420 nobiscum
486 3368 593 3419 sctum
617 3354 812 3441 putabimus,
835 3352 862 3418 si
886 3354 926 3417 sd
948 3354 1032 3419 hunc
1055 3355 1185 3420 modum
1210 3356 1256 3420 rci
1278 3357 1441 3420 communi
1464 3378 1539 3420 con·

291 3455 414 3520 cultum
437 3456 547 3520 fucrit.

376 3556 473 3621 Haud
507 3557 656 3643 equidem
691 3556 751 3620 hoc
777 3557 881 3621 scribo
909 3580 947 3622 eo
971 3556 1044 3634 fine,
1068 3579 1104 3620 sc
1127 3556 1154 3621 si
1177 3556 1255 3644 quid
1277 3558 1310 3621 in
1333 3556 1441 3620 animo
1463 3580 1538 3621 con·

293 3657 428 3743 silioquc
463 3657 561 3744 Regis
596 3657 659 3723 mci
693 3670 850 3721 mutatum
880 3656 937 3737 sit,
970 3671 1089 3722 cuncte
1114 3658 1211 3734 enim,
1235 3671 1271 3723 ut
1292 3673 1367 3723 sunt
1388 3658 1538 3723 consulto

290 3772 388 3844 utque
416 3781 458 3822 ex
480 3757 572 3822 firmo
596 3759 693 3823 unimi
717 3759 881 3845 proposito
903 3759 1063 3834 concluso,
1087 3758 1134 3821 ite
1156 3757 1186 3821 S.
1210 3758 1247 3822 R.
1270 3759 1366 3823 Musa
1388 3773 1539 3822 constan·

293 3874 343 3924 ter
373 3858 414 3922 iis
447 3859 583 3934 insistet,
615 3882 651 3922 nc
675 3860 744 3923 Deo
767 3861 865 3924 dente
888 3859 1025 3924 tentabit
1046 3882 1153 3923 rerum
1174 3859 1424 3936 restitutionem,
1447 3859 1475 3922 si
1499 3858 1537 3923 sd

291 3983 367 4024 cum
391 3958 533 4035 modum,
555 3960 596 4024 de
619 3980 682 4045 quo
706 3960 797 4024 ‘cum
822 3960 958 4046 Spcneio
980 3983 1017 4024 sc
1040 3960 1181 4024 Bellinio
1203 3960 1340 4037 octum'‚
1364 3960 1538 4046 negocium

293 4062 354 4126 hoc
388 4060 487 4125 fuerit
513 4082 731 4136 cumeorum,
754 4084 891 4147 quorum
913 4063 1058 4135 interest,
1081 4060 1237 4148 cdplnusu
1260 4060 1448 4146 auxilioque
1471 4082 1540 4123 sus·

290 4174 434 4248 ceptum.
489 4160 622 4226 Interim
657 4184 730 4225 cum
763 4163 803 4226 sd
836 4163 990 4227 effectum
1024 4163 1053 4226 S.
1088 4163 1125 4227 R.
1159 4162 1247 4226 Mztis
1281 4160 1449 4247 'promissi
1482 4182 1540 4246 per

294 4262 485 4349 Speusium‘
521 4285 557 4326 sc
585 4262 801 4327 'Bellinium'
830 4262 910 4329 fecti
934 4286 1057 4351 magne
1080 4262 1326 4350 praepmstiones
1349 4283 1539 4348 magnorum

292 4378 482 4449 sumptuum
515 4362 668 4428 sociendae
701 4363 775 4437 sint,
809 4387 890 4449 quae,
918 4364 944 4427 si
966 4378 1127 4429 constaret
1150 4363 1237 4428 aliud
1260 4362 1432 4427 consilium
1455 4361 1540 4447 Regi

294 4478 352 4528 tuo
387 4478 483 4549 etque
514 4464 629 4528 ceteris
657 4463 767 4527 amicis
789 4465 892 4553 magis
916 4465 1063 4543 urridens,
1086 4487 1203 4552 magno
1225 4487 1298 4529 cum
1323 4476 1431 4527 nostro
1453 4486 1541 4526 com·

294 4565 388 4628 modo
411 4564 525 4629 evitari
547 4581 688 4651 possent,
711 4588 829 4650 quaeso,
853 4578 891 4629 ut
912 4588 1039 4630 mecum
1062 4565 1287 4642 communices,
1303 4564 1381 4651 quid
1397 4563 1542 4628 sentient

379 4683 398 4747 ¹)
417 4686 575 4750 Kouceptet
592 4687 644 4735 hur
662 4687 765 4735 delusa.
