3288 5330
326 412 388 477 426

370 580 488 644 Praeter
508 577 577 643 bec
600 578 741 644 Polouus
762 577 925 643 exercitus
946 577 1061 643 iisdem
1083 576 1188 643 adbuc
1204 600 1238 644 se
1253 578 1366 643 castris
1379 578 1533 642 continet

281 681 323 745 ad
353 680 590 758 Derscheriam,
613 695 647 745 et
669 702 741 767 pars
763 678 833 743 eius
856 676 1090 743 Warmiensem
1111 679 1345 766 Episcopatum
1366 678 1532 755 defendit,

281 793 340 846 aut
361 781 468 846 verius
487 779 616 867 deripit,
641 779 847 866 subditosque
869 779 940 843 strui
963 778 1121 843 Electoris
1136 780 1183 844 tui
1203 780 1321 867 premit
1335 792 1369 844 et
1383 778 1530 844 divexat.

283 881 351 946 Nos
385 903 459 946 vero
492 904 566 946 cum
599 880 702 967 copiis
729 879 846 944 nostris
873 878 1020 966 Elbingse
1047 901 1082 943 ac
1106 878 1328 967 Marianburgi
1349 900 1531 957 versamur,

282 996 351 1047 tum
386 997 421 1046 nt
455 982 521 1047 boec
554 996 710 1059 tueamur,
745 994 814 1045 turn
841 992 878 1044 ut
905 979 1046 1044 hostium
1069 979 1238 1045 conatibus
1260 980 1336 1045 dats
1358 981 1530 1045 occasione

279 1105 392 1148 semus
425 1082 562 1148 obviam.
612 1082 704 1147 Vale.
753 1080 921 1146 Dabuntur
953 1080 1102 1169 Elbingae
1134 1081 1187 1145 die
1216 1083 1256 1147 28
1283 1081 1439 1147 Decemb.
1463 1086 1530 1146 An.

366 1305 560 1371 Egenhtndlgt
586 1307 708 1370 koncept
734 1305 743 1354 i
770 1303 988 1355 Oxsnstisrnska
1015 1304 1167 1369 samlingen
1194 1305 1257 1354 med
1280 1304 1412 1368 ptskrlft:
1444 1305 1489 1353 »L.
1514 1320 1532 1353 a

282 1389 489 1441 unnenscare»

804 1506 1004 1516 *-

279 1730 355 1785 sal.
399 1729 468 1785 '1'111
489 1721 794 1798 regementsrddsn
815 1728 829 1785 Ι
849 1727 1085 1797 herdgdomet
1105 1728 1287 1785 manaen.

1050 1828 1178 1897 meing
1199 1827 1233 1884 u.
1256 1828 1301 1883 ao
1323 1828 1407 1884 neo.
1430 1829 1530 1884 roas.

279 2027 404 2077 Srsnska
430 2026 567 2077 soldatsrs
590 2026 774 2091 plundrlngar
796 2028 806 2077 l
828 2026 1021 2091 hertlgdomst
1039 2026 1189 2076 hrarblrer
1206 2024 1451 2088 regemsntsrldsn
1470 2026 1531 2075 kla-

366 2110 447 2173 gade,
465 2110 545 2160 sbkte
562 2112 694 2161 kanslern
712 2111 793 2161 alltld
813 2111 928 2174 alstyra,
947 2110 999 2160 och
1018 2124 1061 2159 om
1080 2109 1114 2159 ds
1134 2110 1334 2173 undantsgsrls
1346 2109 1530 2171 idrakomrno,

366 2195 512 2245 strafladss
537 2195 712 2254 lbrolrarnar
737 2210 801 2246 men
826 2210 871 2245 om
897 2195 997 2257 poleka
1020 2199 1136 2258 trupper
1155 2193 1330 2244 tortlarauds
1348 2193 1441 2244 tilde·
1459 2196 1531 2245 aller

365 2279 568 2329 understbddes
587 2280 645 2341 dtr,
666 2279 815 2343 tringades
833 2292 896 2328 man
916 2283 973 2329 mot
990 2281 1032 2328 sin
1050 2278 1119 2342 vilja
1137 2283 1181 2328 att
1199 2280 1323 2343 angrlpa.

612 2408 779 2497 Magnifioi
801 2422 835 2473 st
856 2407 1012 2472 Generosi
1035 2406 1195 2494 D[omi]ni

746 2508 841 2573 amici
864 2506 1064 2573 observandi.

367 2626 511 2691 Reddita
533 2624 614 2690 mihi
638 2626 792 2692 anteactis
814 2625 928 2691 diebus
950 2625 1032 2690 bina·
1051 2637 1166 2689 vestra
1182 2636 1256 2689 sunt
1270 2623 1395 2699 litterae,
1412 2626 1529 2690 eodem

1375 2729 1389 2768 Ι
1401 2726 1510 2768 Janmrti

1356 2797 1384 2835 ²⁸
1395 2797 1530 2838 Decembris

283 2862 429 2950 proxime
463 2861 572 2947 elspso
583 2861 620 2943 ¹).
675 2861 799 2941 Quibus
831 2874 1070 2949 conqueruntur
1102 2859 1143 2925 de
1170 2861 1286 2925 damno
1309 2861 1446 2927 Ducalis
1470 2863 1530 2928 Bo-

281 2964 390 3028 russiae
420 2961 558 3026 subditis
585 2986 604 3026 a
630 2961 732 3026 milite
756 2962 786 3027 S.
810 2962 846 3027 R.
870 2960 959 3026 Mztis
981 2961 1048 3026 dmi
1071 2961 1134 3026 mei
1156 2961 1400 3029 clementissimi
1424 2964 1530 3039 illsto,

280 3064 405 3128 vocatis
435 3061 598 3149 promissis
625 3061 722 3127 fectis
744 3062 851 3149 legato
874 3061 1068 3127 serenissimi
1091 3060 1248 3126 illectoris
1271 3062 1529 3151 Brandeburgici

282 3163 362 3229 mihi
384 3163 418 3227 in
442 3163 638 3241 memoriam,
660 3176 808 3251 rogantes
831 3177 868 3227 ut
889 3163 1073 3228 istiusmodi
1088 3162 1209 3249 rapinis
1225 3164 1339 3229 modus
1355 3176 1528 3239 statuatur,

283 3279 377 3352 prout
400 3264 467 3329 baec
489 3265 593 3329 literis
616 3263 693 3353 ipsis
716 3262 845 3328 uberius
867 3264 1083 3349 explicantur.

368 3366 420 3430 Ad
447 3365 515 3430 baec
538 3381 575 3430 ut
597 3389 648 3430 me
671 3364 822 3430 brevibus
844 3365 1016 3449 explicem,
1040 3386 1079 3429 eo
1102 3364 1209 3429 studio
1232 3388 1330 3452 eaque
1353 3364 1529 3453 diligentis

282 3467 438 3532 hactenus
471 3466 619 3553 praecari,
653 3489 692 3531 ue
720 3465 798 3553 quid
824 3465 1080 3531 committeretur
1101 3488 1144 3530 ex
1166 3481 1256 3553 parte
1279 3478 1396 3543 nostra,
1420 3466 1528 3530 minus

282 3565 433 3632 amicitiae
463 3567 558 3651 justa
590 3566 795 3653 respondens,
828 3583 866 3630 ut
897 3566 994 3631 etiam
1028 3566 1243 3652 suspicionem
1272 3566 1403 3631 aliensti
1429 3566 1528 3631 animi

281 3668 404 3732 evitare
438 3682 570 3731 conatus
603 3666 730 3743 fuerim,
758 3666 986 3754 promissisque
1015 3667 1134 3755 legato,
1157 3667 1236 3732 licet
1257 3666 1317 3730 sub
1339 3667 1528 3732 conditione

280 3768 389 3846 factis,
423 3767 643 3831 satisfecerim.
698 3767 795 3832 Haud
822 3767 974 3854 equidem
1002 3790 1172 3856 negavero,
1195 3790 1296 3831 unum
1317 3767 1426 3832 forsan
1451 3766 1528 3831 slte-

283 3891 394 3934 rnmve
427 3867 626 3954 petulantem
649 3868 785 3933 militem
809 3893 860 3933 me
883 3869 1063 3956 ceterisque
1087 3868 1276 3933 officialibus
1298 3867 1396 3956 regiis
1415 3866 1527 3933 insciis

281 3969 473 4047 excurrisse,
497 3969 741 4057 molestiamque
763 3968 1019 4057 qualemcunque
1043 3970 1153 4057 paucis
1175 3967 1313 4034 subditis
1333 3968 1528 4056 propinqus·

283 4093 355 4135 rum
387 4070 648 4157 praefecturarum
681 4090 818 4149 creasse3
851 4093 965 4135 verum
997 4070 1089 4136 illata
1120 4069 1314 4135 detrimenta
1345 4068 1401 4133 vix
1429 4068 1526 4133 ullius

282 4172 381 4258 pretii
403 4172 502 4251 fuere,
531 4186 564 4237 et
586 4195 659 4236 cum
682 4173 768 4238 edita
790 4170 883 4235 nobis
906 4174 1143 4246 nominarunt,
1165 4169 1254 4234 illico
1276 4170 1316 4234 de
1339 4169 1401 4233 reis
1420 4191 1526 4255 sump

285 4287 354 4336 tum
377 4272 573 4360 supplicium
597 4287 655 4338 est.
699 4272 802 4360 quue
824 4273 902 4337 dum
925 4270 1052 4338 durabit
1073 4271 1231 4335 internos
1246 4269 1400 4345 amrcitia‚
1417 4283 1525 4334 sancte

283 4386 467 4438 servaturus
495 4397 577 4454 sum,
604 4374 782 4460 arceboque
805 4373 954 4448 militem,
981 4384 1137 4460 quantum
1160 4393 1301 4458 possum,
1325 4382 1358 4433 et
1380 4368 1527 4434 vestrati-

284 4473 345 4537 bus
367 4475 638 4561 conquerentibus
656 4474 820 4562 justiciam
843 4472 1083 4538 administrabo.

286 4579 487 4588 -—·—--.---

279 2744 383 2809 ferme
415 2743 578 2829 exemplo,
613 2743 732 2827 priores
759 2745 840 2809 datae
867 2742 1120 2830 HDecembris,
1143 2742 1333 2830 posteriores

369 4628 390 4689 ¹)
408 4631 461 4681 Dat
478 4631 554 4680 tdrra
573 4632 602 4680 al
620 4631 700 4680 (lassa
717 4632 804 4680 flnnas
823 4631 831 4679 i
851 4628 1066 4678 Oxenstiernska
1085 4626 1246 4690 samllngsn.
