3314 5362
1254 422 1295 487 93

39 576 41 683 i
98 584 210 669 pedites
242 585 306 649 sub
340 585 442 673 signis
478 586 575 672 Regis
610 585 730 663 Durriae,
765 610 801 651 ec
829 585 958 652 videtur
986 589 1221 673 quodammodo
1244 589 1274 654 S.
1299 591 1337 655 R.

99 685 198 749 liztem
226 708 386 751 excusare
413 686 453 750 ub
479 688 543 751 istu
564 688 790 773 expeditione;
812 688 908 753 sicuti
932 688 989 752 illo
1010 689 1134 753 videbis
1158 714 1200 754 ex
1223 691 1338 777 capiti·

98 786 147 849 bus
168 788 401 872 propositionis
424 788 626 853 Britannicae.

39 988 40 997 ,
98 945 160 992 rebit
185 949 282 993 tamen
310 945 403 994 M:tem
427 944 506 993 Suam
528 943 625 993 Poloni
646 945 747 1003 odium,
766 959 819 1008 quo
838 947 927 994 minus
945 945 1045 995 fortius
1063 950 1143 994 eatur
1161 950 1266 1005 ooutru,
1285 960 1339 996 nec

39 1008 41 1087 i
98 1027 266 1078 difficultates
293 1029 408 1091 reliquse
436 1042 494 1077 earn
522 1028 696 1089 abstrsbeut,
724 1043 777 1092 quo
804 1031 894 1078 miuus
916 1043 1007 1078 curam
1029 1032 1070 1078 rei
1089 1031 1240 1079 communis
1258 1031 1286 1079 in
1306 1044 1337 1080 se

39 1108 41 1121 ’
98 1113 230 1175 suscipiat.

170 1196 277 1254 Quodsi
296 1198 351 1246 iter
369 1197 405 1245 ad
425 1196 564 1259 Visurgim
584 1197 749 1260 cupiendum
768 1198 813 1257 sit,
831 1197 856 1245 S.
876 1197 905 1245 R.
924 1197 984 1247 Mur
1002 1211 1116 1248 necesse
1134 1202 1184 1258 est,
1198 1202 1229 1247 ut
1240 1199 1339 1248 Brema

98 1293 149 1328 rum
166 1296 215 1330 suo
234 1286 315 1342 portu
334 1286 364 1329 et
381 1282 453 1330 ostio
471 1281 548 1330 fluvii
565 1281 610 1341 sit,
630 1282 746 1331 durante
766 1282 868 1331 bellica
884 1283 936 1331 hac
955 1282 1140 1345 expeditione,
1158 1280 1185 1330 in
1204 1297 1286 1332 manu
1303 1297 1338 1333 ac

98 1370 227 1426 potestate
256 1365 281 1413 S.
309 1364 339 1413 Β.
367 1364 448 1424 iltis,
474 1369 532 1414 tum
554 1370 584 1413 ut
607 1370 739 1413 careatur
756 1365 821 1414 huic
839 1379 923 1428 regno
943 1380 992 1429 per
1010 1372 1116 1416 eeteros
1135 1366 1338 1417 confoederatos

39 1440 40 1519 i
99 1449 128 1495 eb
152 1449 262 1498 insidiis
287 1454 316 1498 et
337 1447 527 1498 molitionibus
545 1447 649 1508 Poioni,
668 1452 716 1512 qul
735 1450 794 1498 sine
813 1450 897 1499 dublo
916 1464 949 1500 eo
968 1464 1032 1500 casu
1051 1464 1106 1500 uon
1125 1455 1168 1500 est
1185 1452 1336 1513 quieturus.

39 1546 41 1605 p
99 1534 129 1580 et
148 1535 172 1582 si
192 1535 250 1582 iter
272 1533 308 1581 sd
328 1533 419 1581 Albim
437 1534 524 1582 inerit
541 1534 685 1595 praelatum
705 1538 734 1583 et
752 1533 899 1583 destinatis
918 1536 1021 1583 uostris
1037 1534 1191 1596 judicatum
1209 1535 1339 1584 conveni·

39 1610 41 1703 i
99 1630 147 1675 eus,
168 1621 290 1680 oportet,
309 1620 341 1666 ut
357 1617 568 1667 Wismarnensis
586 1616 685 1666 civitas
704 1631 764 1667 cum
784 1623 867 1681 portu
885 1623 934 1666 aut
953 1619 1009 1666 alia
1027 1619 1091 1667 buic
1109 1620 1239 1668 instituto
1259 1633 1336 1682 oeque

39 1714 40 1763 i
99 1701 233 1749 commoda
249 1702 281 1751 in
299 1701 464 1751 Germanica
481 1715 530 1750 ora
548 1702 631 1751 rueris
648 1700 769 1751 Balthici
785 1703 958 1751 attribuatur
969 1716 1002 1751 ac
1014 1703 1152 1763 tradatur,
1163 1703 1337 1753 restituenda

39 1770 41 1835 ἶ
99 1784 276 1844 trudonisc,
294 1798 355 1833 cum
374 1784 515 1848 expeditio
533 1785 620 1834 luerit
637 1786 775 1847 perlecta:
795 1784 895 1835 deinde
912 1787 1049 1848 agendum
1067 1788 1120 1835 erit
1132 1800 1191 1836 oum
1205 1789 1336 1851 principi·

39 1842 41 1907 ἶ
100 1868 144 1916 ιιι
168 1883 200 1918 ac
227 1869 400 1929 civitatibus,
426 1883 540 1931 quorum
567 1870 709 1919 territoria
735 1874 878 1933 utramque
901 1872 988 1934 ripam
1012 1871 1091 1920 Albis
1108 1876 1227 1935 tangunt
1245 1876 1275 1922 et
1292 1886 1337 1922 oo·

39 1910 41 1997 i
100 1957 200 2014 cupam,
226 1952 355 2015 inprimis
382 1967 444 2002 cum
471 1953 599 2002 Electore
626 1952 762 2015 bexonius,
792 1956 832 2003 uti
861 1957 1008 2005 tremitum
1034 1956 1174 2005 innoxium
1202 1957 1338 2006 exercitui

100 2034 174 2098 Regio
199 2037 357 2087 concedant
382 2050 415 2085 ac
440 2036 475 2085 de
497 2036 571 2086 victu
595 2038 778 2100 prospiciant;
800 2039 919 2101 denique
937 2044 969 2088 ut
987 2039 1080 2088 Poloni
1099 2052 1207 2102 quoque
1225 2046 1254 2089 et
1271 2041 1336 2088 iusi·

39 2112 40 2129 ³
101 2118 196 2169 diarum
223 2121 312 2184 ipsius
339 2121 476 2170 habeatur
501 2122 580 2170 ratio.
624 2121 685 2171 Sive
713 2135 778 2171 vero
805 2122 904 2171 Brema
930 2125 987 2172 sire
1015 2123 1177 2173 wisurarnirs
1198 2123 1338 2173 tradenda

100 2203 184 2264 luerit,
204 2218 318 2254 necesse
341 2210 392 2265 est,
414 2211 445 2254 ut
462 2205 492 2253 id
511 2205 560 2255 dat
577 2220 713 2255 cousensu
731 2219 916 2268 possessorum
936 2220 969 2255 ec
987 2207 1157 2257 dominorum
1177 2207 1278 2265 llbero;
1295 2209 1336 2257 in·

100 2289 157 2335 ritis
180 2290 251 2338 enim
278 2289 339 2352 jure
365 2289 395 2338 id
418 2303 487 2339 onus
509 2290 657 2339 obtrudere
675 2304 728 2339 neo
745 2296 838 2354 potest
855 2291 880 2340 S.
899 2290 929 2339 ll.
948 2292 1028 2340 Μτιιι
1046 2304 1098 2341 nec
1114 2291 1182 2340 vult.
1217 2291 1277 2341 Hoc
1295 2297 1336 2339 ta·

39 2416 40 2419 ,
102 2385 154 2421 men
170 2372 194 2421 8.
212 2374 243 2422 Κ
263 2373 345 2422 biztas
363 2388 419 2423 uon
437 2378 531 2437 potest
548 2387 602 2422 non
621 2373 769 2424 admonere
789 2371 1011 2437 celsitudinem]
1029 2377 1122 2436 ipsius,
1142 2389 1195 2424 non
1213 2375 1300 2425 rideri
1320 2389 1335 2424 e

39 2518 40 2521 Ἴ
102 2468 127 2504 re
149 2464 195 2506 aut
216 2472 277 2518 usu,
300 2462 331 2507 ut
352 2458 406 2507 duo
429 2460 567 2508 exercitur
583 2460 653 2522 regii
671 2463 729 2508 tam
747 2459 902 2522 propinquo
919 2459 1028 2517 itinere,
1047 2460 1172 2509 altered
1190 2459 1337 2523 Visurgim,

103 2541 212 2591 altered
230 2543 324 2591 Albim
343 2540 564 2604 progredientur,
581 2555 617 2590 ne
635 2544 679 2591 vel
698 2544 786 2592 rictus
804 2543 855 2592 fiat
872 2546 982 2606 utrique
1001 2543 1134 2592 exercitui
1148 2543 1277 2602 difficilis,
1291 2544 1335 2592 rel

39 2624 40 2637 ¹
102 2627 214 2687 replum
239 2628 297 2676 illie
323 2630 368 2676 tot
394 2626 536 2688 tantisque
557 2625 645 2689 copiis
671 2629 776 2676 attrito
801 2627 928 2677 funditus
950 2632 1178 2691 permutatque
1196 2628 1337 2677 exercitus

102 2708 126 2756 lu
140 2709 188 2758 bae
205 2711 417 2774 propinquitate
434 2710 488 2760 sibi
507 2715 600 2760 mutuo
618 2725 715 2773 gretes
733 2712 798 2761 sint

174 2796 209 2842 At
235 2797 260 2844 si
287 2795 439 2845 exereitum
467 2794 548 2857 Regis
575 2795 672 2844 Dauisr
695 2795 876 2845 conioederati
894 2799 924 2845 et
942 2793 1023 2845 amici
1040 2796 1216 2846 suffecturum
1234 2800 1337 2860 putant

39 2864 40 2935 J
103 2876 220 2928 aduersus
246 2881 344 2942 copias
366 2879 530 2942 Ligisturum
554 2884 638 2941 atque
657 2879 812 2940 Bovarium,
830 2886 860 2929 et
877 2878 1006 2942 judicant
1023 2880 1212 2930 distrahendis
1229 2880 1335 2929 viribus

103 2959 252 3013 Cusarlauls
279 2962 451 3013 commodius
472 2975 541 3022 esee,
563 2968 594 3012 ut
612 2962 637 3011 Β.
656 2963 685 3011 Β.
705 2963 785 3013 littus
803 2966 833 3013 ln
850 2964 973 3015 Silesiam
993 2966 1079 3027 copiis
1098 2966 1153 3014 suls
1172 2963 1337 3025 contendat,

39 1176 41 1227 l

39 1332 41 1395 l

103 3058 131 3093 ne
151 3046 179 3096 id
200 3047 314 3111 quidem
338 3046 363 3095 Β.
384 3047 463 3096 liuns
480 3047 633 3103 recusabitr
651 3049 719 3110 quin
737 3051 766 3097 et
783 3048 838 3096 iter
856 3047 924 3097 illud
943 3052 1022 3098 tento
1042 3049 1140 3098 maiori
1157 3062 1216 3097 oum
1235 3048 1334 3097 ardore

103 3129 123 3176 8.
139 3130 165 3179 lt
183 3132 263 3181 littae
282 3133 424 3194 suscipiet,
443 3135 547 3194 quento
565 3131 741 3181 coniunctius
759 3136 803 3181 est
820 3146 881 3181 curn
899 3146 929 3181 re
947 3138 976 3181 et
993 3131 1141 3182 securitate
1154 3132 1234 3182 huius
1247 3134 1333 3195 regni.

104 3212 173 3265 cete
189 3216 217 3264 id
229 3218 285 3266 erit
296 3218 359 3265 loeo
371 3217 483 3279 optimse
495 3215 632 3265 cautionis
643 3229 731 3278 regno
743 3216 809 3264 huic
821 3231 837 3264 a
853 3216 947 3264 Poloui
960 3216 1148 3265 molitionibus
1160 3216 1336 3279 praetendes,

103 3299 271 3349 cembellum
289 3301 414 3349 futurum
432 3300 470 3349 sit
486 3301 515 3349 iu
534 3300 688 3349 ditionibus
707 3299 803 3350 Polonl
821 3305 870 3349 aut
888 3304 964 3349 certe
983 3299 1094 3357 vicinia,
1112 3306 1281 3363 cogeturque
1299 3299 1335 3349 sd

39 3414 40 3423 l
102 3383 194 3432 tuenda
210 3398 268 3443 sua,
287 3398 343 3433 nou
361 3384 453 3433 aliena
470 3383 629 3433 invadenda
648 3398 725 3433 arma
742 3398 792 3433 sna
810 3387 940 3447 arripere.

172 3468 255 3517 Nulla
281 3481 349 3518 vero
374 3470 447 3517 ratio
474 3468 560 3518 metor
582 3472 611 3517 et
633 3468 790 3518 evidentior
809 3470 962 3533 excogitari
978 3470 1084 3531 poterit
1101 3469 1231 3518 Polonum
1250 3469 1334 3531 impe·

101 3549 193 3605 diendi.
213 3567 248 3601 ne
271 3552 468 3601 Cossaccorum
485 3551 686 3615 irruptionibus
705 3553 822 3602 vicinam
841 3552 1000 3612 Murcbiam,
1018 3552 1204 3602 Pomeraniam
1223 3557 1253 3601 et
1270 3552 1335 3602 reli·

102 3648 171 3695 quam
189 3636 363 3685 Germaniam
382 3636 503 3696 direxet,
520 3650 602 3698 quem
620 3638 643 3687 si
663 3637 738 3687 domi
755 3651 810 3687 suoe
827 3637 993 3687 involvatur.

174 3722 230 3770 lter
255 3733 322 3769 rere
349 3720 386 3769 ed
408 3718 527 3768 Odorem
548 3722 664 3782 primum
683 3720 736 3771 hoc
753 3721 878 3783 requirit,
895 3727 927 3770 ut
944 3721 1079 3771 stetinum
1099 3721 1175 3771 velut
1192 3727 1286 3784 portus
1304 3726 1334 3770 et

102 3806 188 3853 ortium
214 3804 291 3853 fluvii
319 3804 348 3854 in
375 3818 485 3853 manum
512 3804 537 3853 S.
564 3804 593 3853 R.
617 3804 692 3853 Mttis
713 3806 850 3865 tradatur,
867 3805 942 3868 quod
960 3808 1005 3854 vix
1024 3805 1160 3855 credibile
1178 3810 1223 3855 est
1238 3818 1334 3855 carere

102 3887 149 3935 ruis
172 3888 392 3947 difficultatibus,
418 3902 480 3937 oum
507 3887 643 3952 principis
664 3888 750 3952 ipsius
768 3888 847 3939 sedes
865 3892 910 3939 sit.
945 3889 1044 3939 Verum
1064 3891 1087 3939 si
1105 3888 1157 3939 boc
1175 3895 1270 3952 posset
1287 3889 1334 3938 ob-

102 3971 181 4032 tineri,
199 3976 293 4023 temen
312 3976 394 4035 putet
412 3972 438 4020 8.
457 3972 486 4020 B.
504 3970 585 4021 litas
598 3973 652 4020 lter
665 3972 718 4022 boo
736 3974 819 4035 plane
832 3974 944 4022 noxium
956 3972 1077 4023 Electori
1089 3973 1335 4034 Brandenburgico

102 4054 160 4115 iore,
180 4058 253 4120 quod
275 4055 447 4105 mnseunda
467 4057 506 4105 sit
521 4055 695 4105 nobilissima
712 4070 776 4119 pers
794 4056 924 4105 Marobiae
942 4071 975 4106 ec
993 4057 1160 4106 Pomeraniae
1178 4057 1261 4119 longo
1280 4062 1334 4106 ter·

102 4150 180 4188 rarum
205 4142 311 4203 spacio,
338 4139 413 4202 quod
439 4141 500 4189 sine
523 4140 689 4189 detrimento
712 4139 848 4189 ditionum
866 4141 935 4190 ierri
953 4156 1009 4192 nou
1027 4142 1140 4204 poterit,
1175 4140 1249 4190 lllud
1267 4155 1334 4191 vero

103 4222 215 4284 inprimis
233 4224 476 4283 considerandum,
497 4224 570 4287 quod
589 4224 706 4274 Polonus
724 4225 839 4283 vicinus,
857 4225 882 4273 8.
901 4224 931 4273 Β,
949 4224 1010 4272 tici
1027 4225 1226 4274 intensissimus
1244 4226 1333 4275 hostis

103 4312 128 4353 et
142 4306 228 4357 domui
246 4310 399 4358 Austriacae
417 4308 607 4368 amicissimus,
626 4322 681 4357 non
700 4308 835 4358 Coseccos
853 4307 945 4368 modo,
962 4308 1012 4357 sed
1025 4307 1167 4370 etiustum
1180 4310 1332 4358 exercitum

104 4388 135 4436 eit
156 4391 332 4453 immissurus,
353 4396 412 4441 tum
434 4396 466 4441 ut
487 4397 639 4442 remoretur
656 4392 681 4441 Β.
699 4392 728 4441 R.
749 4392 822 4441 lixtis
839 4404 1021 4455 progressum,
1040 4397 1096 4440 tum
1115 4396 1146 4440 ut
1164 4393 1199 4442 ob
1218 4393 1332 4443 inultum

104 4472 181 4523 edium
207 4477 297 4526 cidem
324 4476 493 4525 maleiaolat.
537 4476 633 4538 Neque
661 4476 753 4525 Oaessr
773 4481 914 4538 torpescet
935 4477 1002 4535 otio,
1024 4489 1083 4525 cum
1102 4475 1155 4526 hoc
1173 4476 1274 4538 agitari
1292 4476 1334 4526 ln·

104 4557 238 4621 tollererit,
260 4559 397 4623 viresque,
415 4573 484 4622 quas
502 4560 664 4609 contrahere
681 4559 794 4623 poterit,
812 4562 842 4608 in
860 4573 1001 4609 occursum
1019 4561 1123 4618 mittet;
1142 4562 1184 4610 ita
1201 4561 1333 4611 dimican-

104 4638 156 4691 dum
173 4644 225 4693 erit
240 4645 270 4694 in
289 4643 422 4703 diarchia,
443 4648 472 4693 et
490 4657 680 4707 quemcunque
698 4644 803 4693 exitum
820 4644 944 4707 praeiluru
962 4644 1099 4704 hebuerit,
1117 4645 1221 4708 perlblt
1239 4650 1331 4694 tamen
