3314 5362
1232 473 1293 537 139

100 637 215 717 habeat,
250 662 311 703 nec
344 639 468 703 incerto
501 652 699 705 tractatuum
732 652 851 704 eventu
879 639 949 703 eius
972 640 1217 725 occupationem
1238 640 1337 703 inter·

102 739 217 804 mittere
252 740 364 825 possit,
391 740 508 805 deinde
531 755 569 805 ut
591 741 672 805 certi
694 740 816 804 reditus
838 762 880 804 ex
902 739 1085 826 propinqua
1106 740 1283 804 Lithuanie
1304 752 1337 805 et

102 838 291 905 Churlandis
313 841 473 905 exercitui
496 840 527 904 S.
549 841 587 905 R.
611 841 700 906 Mztis
720 841 790 905 loeo
812 839 1073 918 alimentetionis‚
1090 841 1167 905 dum
1183 852 1338 906 tractetur

101 940 134 1005 de
154 965 241 1027 pace,
265 941 551 1006 subministrentur
573 955 606 1007 et
628 942 846 1028 adsignentur,
870 964 907 1005 sc
928 941 1068 1026 denique
1091 964 1131 1006 ne
1154 942 1226 1028 quis
1242 942 1336 1006 miles

103 1054 197 1106 vester
221 1042 364 1127 propius.
388 1064 485 1128 quam
509 1041 550 1107 ad
573 1041 685 1107 decem
709 1042 859 1106 milliaria
880 1056 983 1107 castra
1004 1056 1121 1119 nostra,
1138 1065 1209 1128 quae
1225 1042 1337 1106 Ratze·

102 1141 218 1206 rilitzki
242 1156 329 1221 sunt,
351 1141 540 1208 adducetur.
584 1146 737 1230 Aequum
760 1144 846 1208 enim
869 1156 928 1219 est,
945 1166 986 1207 ne
1008 1143 1190 1209 secedendo
1206 1143 1246 1207 ad
1261 1155 1337 1207 vota

50 1264 51 1267 ¹
102 1256 197 1307 restra
219 1257 255 1308 et
275 1243 413 1329 tempori
435 1245 581 1309 cedendo
603 1243 637 1307 id
660 1244 766 1329 ipsum
789 1243 883 1308 nobie
904 1243 1010 1308 fraudi
1033 1245 1085 1309 eit.

175 1344 254 1409 Haec
287 1345 314 1408 ei
349 1344 541 1430 placuerint,
575 1344 697 1409 sincere
723 1344 953 1430 respondeatur
980 1345 1019 1409 ad
1042 1345 1129 1409 diem
1153 1345 1337 1430 proximum

104 1441 239 1523 Veneris,
273 1445 331 1531 qui
363 1459 414 1509 est
446 1445 513 1509 XII
547 1444 616 1510 dies
642 1446 785 1530 Augusti
814 1446 898 1530 stylo
920 1445 1032 1510 reteri.
1078 1444 1112 1509 Si
1135 1445 1216 1509 nihil
1238 1445 1340 1508 fucrit

103 1566 282 1631 responsum
316 1559 371 1610 sut
404 1545 606 1611 conditiones
639 1547 810 1632 propositae
837 1545 1072 1631 displicuerint,
1096 1544 1340 1633 progrediemur

105 1659 132 1709 et
158 1647 397 1712 committemus
424 1669 490 1711 rem
519 1658 660 1711 nostram
687 1646 768 1723 Deo,
791 1668 898 1711 rerum
921 1647 1066 1712 omnium
1090 1646 1208 1711 arbitro
1227 1645 1339 1729 justis·

105 1745 183 1824 simo,
206 1747 262 1832 qui
287 1769 416 1811 causam
439 1761 581 1811 nostram
604 1770 647 1811 ex
669 1747 812 1812 bonitate
835 1769 893 1811 sua
915 1760 966 1811 eet
987 1748 1234 1831 dijudicaturus.
1277 1747 1339 1810 De·

106 1844 209 1911 bantur
231 1873 248 1912 e
271 1848 384 1912 castris
407 1847 446 1912 nd
470 1848 621 1935 Keggnm
644 1847 697 1912 die
719 1849 739 1912 5
764 1849 908 1935 Augusti
931 1851 1029 1911 Anno
1053 1849 1144 1913 1625.

867 2014 1007 2080 Axeliue
1030 2015 1252 2092 Oxenetiema,

913 2120 943 2170 R.
963 2120 987 2170 Β,
1007 2119 1205 2169 Oencellsrlus.

183 2270 354 2331 Utanakrtste
372 2271 480 2321 flemma
500 2286 557 2322 som
576 2270 622 2320 vid
641 2269 691 2320 Nae
711 2274 751 2321 tt.

180 2405 258 2455 litter
284 2406 490 2470 maauakrlptet
516 2406 561 2455 till
588 2405 622 2453 de
649 2404 738 2454 under
760 2404 809 2453 Nm
831 2409 862 2453 ts
885 2407 1051 2477 omntmpda
1072 2407 1156 2455 »Acts
1174 2409 1195 2454 lc
1213 2405 1341 2465 Litore»,

108 2486 229 2548 itmltrdt
245 2489 310 2539 med
329 2490 476 2553 attryoket.
512 2490 526 2539 I
544 2489 748 2552 manuskrtptet
765 2488 817 2537 har
833 2489 966 2539 kanslern
984 2490 1173 2553 egenhtudigt
1190 2489 1266 2553 gjort
1283 2493 1339 2537 rat·

108 2573 181 2624 tatur
203 2580 275 2624 samt
302 2573 395 2637 tillagt
415 2573 543 2638 ftljsnde
560 2572 735 2623 otverskritt:
764 2573 930 2636 »Responsio
949 2573 1114 2623 Cancellsrlt
1133 2573 1217 2637 Regni
1236 2573 1341 2623 Succlae

108 2656 139 2705 sd
154 2659 338 2721 precedentes
355 2657 452 2708 literas
470 2658 622 2708 castellani
640 2656 818 2706 vendenstv.

111 3126 155 3185 ro.
193 3125 466 3189 culmurtca.
614 3131 738 3200 nigros
761 3131 818 3187 vra
839 3131 997 3199 nomm
1020 3131 1054 3187 u.
1077 3131 1119 3186 10
1140 3130 1228 3200 nug.
1250 3130 1341 3184 reae.

113 3342 152 3393 On
177 3346 354 3396 dtrerltrden
379 3346 425 3396 ttll
452 3345 571 3404 Liflsnd3
599 3347 757 3410 erofrtngen
784 3345 813 3394 nt
839 3344 1033 3404 Kokenhnsen‚
1060 3345 1192 3404 Bersohn,
1218 3344 1343 3409 Selbarg,

182 3429 269 3489 Nem,
301 3429 430 3490 Schedoa,
461 3428 627 3493 Runneberg
653 3430 705 3479 och
733 3430 849 3492 Pebalg;
879 3429 997 3493 Dorpats
1023 3428 1180 3493 beltgrlnffi
1210 3428 1258 3493 teg
1283 3433 1344 3480 mot

182 3514 290 3573 Birsen;
307 3512 558 3575 torhandllngarna
576 3513 639 3562 med
657 3529 681 3563 v.
701 3514 905 3564 Tlesenhaasen
923 3513 974 3562 och
994 3513 1121 3563 anhoff.

183 3660 249 3725 Min
285 3660 414 3746 renlige
447 3660 557 3725 helsen
592 3675 713 3747 eamptt
745 3660 854 3725 hvedh
888 3659 997 3724 mehre
1027 3660 1087 3747 jag
1111 3660 1216 3724 forms
1244 3658 1341 3724 medh

114 3756 193 3824 Gudh
225 3759 443 3848 alzmeehtigh
476 3784 519 3825 uu
553 3760 614 3826 och
648 3761 750 3825 altidh
782 3762 981 3825 tillonende.
1031 3760 1195 3825 Vitlborne
1222 3761 1342 3838 hemer,

113 3857 233 3937 tundet,
267 3862 383 3926 broder
416 3862 477 3926 och
505 3861 611 3949 godhe
639 3884 769 3926 rcnncr.
812 3861 879 3947 dog
900 3862 1005 3927 hudhe
1027 3861 1080 3925 viil
1102 3861 1198 3947 longe
1221 3860 1341 3925 scdhun

114 3956 186 4025 loru
206 3975 253 4027 att
275 3963 515 4027 communicem
537 3961 612 4027 med
635 3963 711 4027 eder
733 3961 841 4026 hvsdh
864 3984 933 4027 som
955 3961 1074 4026 eedhen
1098 3961 1217 4047 Kongl.
1238 3961 1340 4039 Mota,

115 4066 160 4125 vir
188 4062 413 4150 ellemtdigste
440 4062 558 4140 horres,
589 4064 704 4128 effresa
731 4064 781 4151 sig
803 4061 973 4150 tildregett
994 4061 1116 4139 hsfver,
1140 4084 1213 4125 men
1237 4083 1342 4125 sosom

115 4158 165 4227 ded
194 4163 338 4251 idkelige
371 4165 504 4229 resende
537 4163 598 4228 och
632 4164 730 4228 andre
758 4163 976 4229 occurrentier
998 4163 1066 4250 mig
1088 4163 1161 4226 icke
1184 4161 1342 4247 obilligen

115 4282 278 4340 exemeret,
312 4264 408 4328 alttst
434 4265 557 4351 hoppes
580 4264 648 4350 jug,
676 4278 724 4330 att
746 4264 808 4329 ded
831 4264 873 4348 eij
897 4262 999 4327 heller
1021 4286 1064 4327 nu
1086 4276 1178 4350 tages
1201 4263 1268 4349 mig
1290 4262 1343 4327 till

117 4359 167 4425 ded
190 4376 304 4430 vtrste.
354 4364 543 4453 Korteligen
571 4365 632 4430 och
655 4365 842 4450 summevijs
866 4376 914 4429 att
934 4363 1132 4449 sdrstendige
1155 4363 1231 4428 eder
1253 4363 1344 4426 sack·

117 4480 177 4525 sens
198 4464 304 4550 forlop
333 4466 389 4530 htr
411 4466 472 4541 till,
495 4473 530 4530 st
553 4467 610 4531 ahr
632 4465 728 4530 Gudh
751 4466 803 4531 till
826 4466 1009 4541 teckendee‚
1031 4485 1099 4527 eom
1125 4463 1245 4551 Kongl.
1268 4463 1346 4527 Mztt

115 4561 188 4727 {tillir
216 4566 303 4731 gpdh
338 4565 427 4630 helea
454 4565 514 4631 och
543 4566 604 4631 eltt
627 4566 843 4653 krigsfollredt
864 4569 876 4631 i
898 4565 1043 4652 tumligtt
1064 4564 1219 4629 riletsndh
1242 4586 1343 4651 uppe-

134 4678 202 4730 oet
245 4667 346 4732 afver.
