3244 5334
333 413 394 476 316

291 580 346 644 abs
367 594 400 643 te
424 580 613 666 propositae,
635 581 843 666 studiumque
865 595 957 643 tuum
979 579 1184 666 adp1·0bat¹);
1207 603 1319 644 verum
1335 604 1408 645 cum
1426 594 1535 666 pateat

291 704 333 743 ex
370 681 520 744 omuibus
553 680 734 744 actionibus
766 681 901 745 consilia
934 680 1030 744 nimia
1062 681 1159 745 i'aeile
1193 683 1310 745 mutari
1343 704 1404 745 nee
1436 683 1534 746 certis

376 854 453 911 Quod
477 855 562 914 igitur
579 854 604 902 S.
623 853 651 902 R.
672 853 749 903 llztas
768 857 855 903 aeuslt
873 853 993 903 antehac
1010 855 1137 918 aliisque,
1155 860 1187 902 ut
1204 855 1338 913 iacerent,
1356 855 1457 904 author
1475 856 1535 904 hor·

290 943 418 1000 tatorqne
445 934 584 999 ex[s]titlt‚
611 941 670 987 eins
696 950 806 1000 semper
832 937 912 985 duxit
939 944 1097 986 accuratam
1124 939 1178 987 sibl
1205 939 1360 987 habendam
1383 941 1534 988 rationem:

289 1021 417 1085 ideoque,
443 1021 509 1069 licet
537 1021 662 1071 nonnihil
690 1020 846 1070 efficeretur
871 1022 982 1071 reiectis
1009 1022 1132 1071 consiliis
1160 1025 1223 1081 suls,
1251 1022 1377 1085 inprimis
1401 1021 1477 1084 quod
1500 1022 1535 1070 ob

289 1106 386 1154 isthaec
413 1105 604 1168 persequenda
626 1106 653 1154 in
679 1106 779 1154 bellum
806 1106 858 1154 hoc
881 1104 1049 1163 Polonicum‚
1072 1107 1145 1169 quod
1164 1106 1233 1155 allas
1252 1107 1287 1154 ad
1306 1112 1415 1168 tempus
1433 1106 1535 1154 evitari

289 1188 433 1253 potuisset,
450 1188 589 1248 inciderit,
608 1195 700 1237 tamen
719 1189 851 1252 quicquid
870 1189 935 1238 hine
955 1194 1049 1239 uatum
1067 1191 1201 1240 molestiae
1219 1194 1271 1249 est,
1288 1194 1377 1239 totum
1396 1192 1535 1239 communi

290 1287 379 1322 eausa
406 1273 615 1323 condonandum
642 1275 752 1322 cenauit
778 1279 871 1336 atque,
898 1288 915 1321 a
941 1275 1116 1324 serenissimo
1139 1273 1213 1335 Rege
1236 1263 1333 1323 Danie
1355 1280 1384 1323 et
1406 1275 1535 1323 Electore

290 1357 512 1417 Braudeburglco
536 1356 695 1415 sollicitata,
718 1359 746 1406 iu
765 1361 870 1420 partem
890 1372 1015 1407 curarum
1035 1358 1210 1420 ducendique
1228 1360 1366 1407 exercitus
1385 1358 1537 1416 consensit,

289 1441 312 1489 si
331 1455 392 1505 qnae
409 1441 502 1490 media
518 1443 559 1489 rel
577 1441 706 1503 gerunda
725 1456 780 1491 non
799 1442 945 1491 admodum
965 1456 1063 1505 magna
1081 1455 1098 1489 a
1116 1441 1314 1491 confoederatis
1327 1446 1535 1505 praestarentur,

290 1532 319 1573 et
340 1525 450 1574 reddito
469 1539 600 1588 responso
619 1527 791 1588 tempestive,
810 1526 878 1587 quid
895 1526 994 1588 reliqui
1012 1526 1065 1574 hoe
1084 1525 1119 1574 de
1139 1526 1250 1587 negotio
1269 1529 1414 1585 sentirent,
1432 1526 1536 1575 intelli·

289 1614 407 1670 geretur.
453 1608 594 1659 Credibile
621 1609 734 1671 quidem
761 1616 812 1669 est,
839 1614 955 1658 emtores
982 1609 1092 1668 amicos,
1117 1623 1196 1673 reges
1220 1615 1249 1658 et
1266 1612 1414 1672 principes,
1431 1612 1534 1673 partlm

289 1699 414 1756 tempore
435 1692 570 1753 exclusos,
587 1694 688 1756 partim
706 1694 880 1757 negotiorum
898 1706 1045 1756 rarumque
1064 1695 1236 1757 propriarum
1255 1692 1392 1743 varietate
1411 1708 1444 1743 ae
1461 1696 1535 1743 mole

289 1777 445 1840 impeditos,
472 1778 592 1826 animum
619 1791 697 1826 suum
724 1778 760 1827 ad
787 1777 897 1841 singula
918 1779 1061 1828 declarare
1084 1793 1140 1827 nou
1162 1778 1293 1841 potuisse,
1312 1783 1342 1827 ut
1359 1778 1384 1827 S.
1403 1778 1433 1826 R.
1453 1779 1535 1827 llztas

290 1861 353 1910 lllos
377 1861 461 1909 iaclle
489 1866 613 1917 excusem
641 1866 671 1910 at
689 1864 802 1924 quantis
820 1861 1033 1911 difficultatibus
1051 1861 1117 1911 hinc
1135 1864 1160 1911 S.
1179 1862 1208 1910 B.
1228 1861 1308 1911 ll:tas
1327 1864 1366 1911 slt
1382 1862 1536 1925 implicata,

290 1959 350 1993 eum
374 1950 518 2007 cogeretur
539 1945 636 1994 seriem
655 1947 829 1995 consiliorum
849 1959 958 1995 suornm
978 1952 1092 2006 mutare,
1111 1946 1235 2008 quiaquia
1253 1960 1341 1994 rerum
1360 1951 1389 1994 et
1407 1946 1537 2009 imperio·

289 2042 347 2076 rum
365 2029 487 2091 prudeus
504 2029 588 2078 iacile
606 2028 812 2091 dijudicaverit.

374 2113 472 2161 Verum
494 2114 563 2162 adeo
581 2115 662 2162 stetit
679 2117 827 2173 sententia,
845 2118 877 2163 ut
894 2128 928 2163 ne
947 2113 1006 2162 haec
1025 2114 1135 2177 quidem
1153 2114 1238 2162 ullam
1258 2113 1453 2163 alterationem
1472 2129 1536 2178 pro·

289 2199 381 2261 posito
411 2199 577 2257 invexerint,
608 2197 728 2259 ideoque
757 2212 817 2245 cum
848 2200 958 2248 nomine
990 2199 1167 2247 Dominorum
1195 2198 1330 2247 Ordiuum
1358 2198 1535 2248 Generalium

290 2281 480 2331 Conioederati
502 2281 590 2342 Belgii
608 2295 658 2343 per
676 2283 795 2345 legatum
815 2282 935 2345 ipsorum
956 2282 1094 2331 domiuum
1114 2281 1292 2344 Vosberginm
1311 2281 1347 2329 ad
1365 2290 1535 2343 conventum

289 2364 451 2428 Hagleusem
480 2365 505 2414 S.
534 2364 561 2411 B.
590 2364 669 2414 litas
696 2367 869 2423 invitaretur,
891 2368 944 2415 etsi
966 2371 1022 2414 tum
1044 2368 1175 2429 temporis
1197 2367 1294 2429 procui
1314 2367 1426 2416 abesset
1443 2368 1472 2415 in
1492 2368 1535 2415 Li·

288 2449 404 2497 thuauia
424 2448 483 2498 solo
502 2448 597 2497 hostili
616 2452 698 2511 atque
718 2449 890 2498 detineretur
908 2464 940 2498 ac
959 2449 1163 2499 distraheretur
1180 2448 1396 2513 cogitationibus
1414 2451 1535 2514 propriis

289 2532 408 2593 bellicio,
426 2535 513 2582 visum
532 2536 625 2582 tamen
643 2538 687 2581 eat
703 2547 759 2582 uon
778 2534 874 2583 daease
888 2534 1024 2583 communi
1039 2548 1137 2591 cauare,
1150 2535 1295 2596 mlasisque
1308 2534 1344 2583 ad
1357 2533 1536 2583 decidentem

289 2615 502 2679 flagae-Comitis
519 2616 618 2665 Jauum
638 2616 821 2677 Rutgerainm,
838 2618 922 2680 paulo
940 2623 1004 2680 post
1023 2618 1191 2676 deiunctum‚
1206 2618 1310 2667 tabulia
1322 2619 1536 2681 plenipotentiae

290 2706 319 2749 et
345 2701 547 2761 mandatorum,
567 2700 650 2763 jussit
672 2700 744 2750 huuc
763 2701 920 2763 congrecati
938 2704 1091 2764 legatorum
1110 2702 1252 2759 iuteresse,
1270 2701 1490 2751 deliberationes
1509 2708 1537 2751 et

289 2786 406 2834 consilia
424 2785 537 2847 publica
554 2785 649 2847 juvare
666 2786 814 2847 omniaque
831 2800 864 2835 eo
878 2786 1016 2846 conterre,
1028 2791 1059 2834 nt
1071 2800 1156 2849 reges,
1169 2787 1310 2850 principes
1321 2791 1350 2835 et
1362 2787 1536 2848 respublicae,

290 2869 463 2918 ambitiosam
489 2869 565 2918 illam
590 2871 743 2932 potentiam
763 2874 919 2932 suspectam
938 2872 1105 2931 excitamque
1123 2870 1268 2928 habentes,
1286 2872 1410 2919 unanimi
1427 2871 1536 2919 foedere

290 2953 533 3016 conjungerentur:
556 2954 601 3002 ubi
620 2955 644 3001 al
663 2953 814 3002 haberetur
831 2955 916 3002 etlam
935 2955 1007 3002 ratlo
1026 2952 1052 3000 S.
1071 2953 1101 3001 il.
1121 2955 1195 3003 setis
1213 2959 1242 3002 et
1260 2953 1336 3017 regni
1355 2954 1445 3011 huius,
1464 2956 1537 3016 qula·

290 3051 343 3100 que
369 3051 398 3085 re
426 3037 486 3099 ipsa
513 3037 737 3100 deprehenderet
762 3038 1010 3100 promptitudinem
1038 3037 1064 3084 S.
1087 3038 1115 3085 R.
1140 3038 1213 3087 little
1234 3052 1285 3100 pro
1302 3038 1394 3087 salute
1413 3040 1535 3087 omnium

290 3121 450 3170 dimicandi.
486 3122 522 3169 st
539 3135 713 3184 praepropera
731 3122 800 3171 dicti
818 3121 977 3171 Besideutls
995 3137 1068 3172 mora
1084 3126 1156 3185 (quse
1175 3121 1322 3184 previderi
1341 3135 1398 3170 non
1412 3122 1535 3183 poterat)

289 3210 318 3253 et
344 3206 401 3253 late
424 3207 551 3267 patentia
574 3210 707 3254 terrarum
729 3208 866 3270 marisque
884 3209 989 3269 spacia,
1007 3221 1068 3269 quse
1087 3207 1139 3255 hoc
1156 3220 1269 3267 reguum
1288 3219 1321 3253 ac
1339 3205 1364 3253 8.
1383 3205 1413 3253 lt.
1433 3206 1536 3263 litem,

289 3296 347 3338 tum
374 3291 506 3352 temporis
534 3290 568 3337 ad
596 3289 699 3339 limites
721 3290 876 3339 Lithnanin
898 3297 1061 3351 morantem,
1079 3292 1247 3354 separabant
1265 3291 1300 3338 ab
1319 3289 1454 3351 Bagienni
1472 3305 1535 3339 con·

290 3379 381 3431 ventu,
408 3388 498 3436 neque
525 3373 724 3424 conlmderatls
748 3376 856 3423 caeteris
879 3380 924 3423 sat
946 3376 1077 3438 temporis
1096 3376 1198 3425 dedere
1216 3375 1252 3423 ad
1271 3374 1483 3436 significandum
1503 3389 1535 3423 ac

290 3457 325 3504 de
353 3471 424 3504 novo
451 3458 475 3505 S.
503 3459 532 3506 ll.
560 3458 653 3507 ilztem
675 3459 858 3516 invitandum,
881 3471 971 3520 neque
993 3458 1017 3507 S.
1035 3458 1063 3506 R.
1084 3459 1142 3506 Mtti
1164 3459 1316 3506 eduorum
1336 3458 1469 3519 legatum,
1488 3460 1536 3520 qui

289 3540 390 3602 prioris
417 3542 503 3589 vicem
531 3542 681 3605 suppleret,
704 3542 881 3591 mittendum:
909 3548 940 3590 ut
961 3542 1178 3604 iugratlsaimum
1197 3543 1221 3589 S.
1241 3542 1301 3589 Mzti
1319 3541 1463 3601 acciderit,
1482 3557 1536 3591 mo·

290 3624 491 3687 lautissimeque
519 3625 600 3684 ierat,
630 3625 703 3687 quod
732 3630 840 3676 ceteris
867 3627 1051 3690 praesentibus
1077 3640 1132 3674 non
1159 3626 1282 3687 potuerit
1308 3626 1369 3686 lpaa
1394 3639 1446 3687 per
1473 3640 1535 3675 suos

290 3706 396 3765 testari,
414 3721 493 3770 quam
514 3710 610 3758 utilem
629 3709 702 3758 hauc
720 3710 941 3771 conjunctionem
961 3712 1109 3769 censuerit,
1127 3714 1158 3757 et
1175 3709 1274 3772 qulbus
1292 3709 1380 3757 modis
1399 3710 1534 3759 consiliis·

289 3806 343 3854 que
361 3793 434 3840 salus
455 3794 573 3840 omnium
593 3794 683 3841 curari
701 3800 803 3856 posset,
821 3794 998 3856 judicaverit.

374 3877 491 3924 Invitari
519 3890 582 3925 vero
604 3890 634 3925 se
656 3878 691 3926 ad
710 3878 823 3926 foederis
842 3878 979 3937 generalia
998 3877 1209 3941 Hegea-Comitis
1228 3876 1351 3926 conclusi
1370 3880 1534 3927 societatem

290 3959 314 4008 S.
342 3959 371 4008 R.
400 3960 480 4008 litas
507 3965 586 4022 grato
614 3964 643 4009 et
664 3961 799 4010 benevolo
823 3961 914 4010 auimo
936 3963 1146 4024 interpretatur,
1167 3961 1232 4010 inde
1251 3960 1418 4023 diiudicant,
1438 3966 1535 4025 quanti

289 4044 346 4092 Rex
372 4043 510 4092 Bohemlre
537 4044 665 4094 allectum
694 4047 721 4093 in
746 4059 774 4093 ae
799 4044 822 4092 S.
845 4045 916 4094 iiztls
934 4046 1030 4105 iaciat,
1048 4059 1100 4094 nee
1119 4046 1265 4108 quicquam
1284 4046 1383 4093 luisset
1402 4048 1535 4108 praesenti

288 4142 379 4176 rerum
406 4131 493 4177 statui
520 4130 728 4179 convenientius
755 4129 797 4178 vel
825 4131 877 4177 hoc
900 4131 962 4178 loco
984 4131 1134 4191 acceptius,
1153 4143 1233 4191 quam
1252 4130 1276 4177 si
1294 4128 1403 4190 legatus
1421 4129 1533 4191 plenam

289 4217 456 4274 potestatem
484 4218 513 4260 et
540 4213 672 4262 mandata
693 4229 710 4262 a
728 4214 927 4262 conloederetis
946 4213 1087 4261 attulisset
1105 4213 1140 4261 de
1159 4213 1265 4262 cunetis
1283 4215 1393 4261 nomine
1413 4215 1534 4262 omnium

290 4310 382 4345 eorum
410 4310 471 4345 eum
498 4297 522 4343 8.
546 4297 575 4345 R.
599 4297 663 4346 lite
685 4298 876 4360 pertractandi
895 4301 925 4346 et
943 4297 1137 4346 concludendi.
1172 4299 1271 4347 Verum
1289 4310 1350 4345 cum
1370 4298 1406 4345 iis
1423 4312 1480 4346 non
1500 4300 1535 4346 alt

291 4382 419 4435 munitus,
445 4386 475 4429 et
501 4396 535 4430 ex
562 4381 651 4430 literis
677 4381 742 4428 iidel
767 4385 870 4442 pateat,
894 4381 969 4429 iilum
990 4382 1181 4430 tantummodo
1200 4385 1319 4440 missum,
1337 4395 1391 4430 uon
1411 4387 1444 4429 ut
1461 4382 1534 4445 quie·

1195 4463 1276 4505 (eom.
1289 4461 1304 4501 i
1318 4464 1387 4502 nanta
1400 4463 1469 4509 alda.)

375 4544 395 4601 ¹)
422 4548 509 4597 Desaa
535 4548 643 4603 vlllkor,
666 4564 722 4597 som
746 4549 831 4611 Spena
850 4549 887 4610 pi
905 4555 967 4611 eget
985 4549 1109 4596 initiativ
1127 4549 1258 4609 lramlagt
1275 4550 1320 4597 idr
1338 4550 1467 4612 Conway,
1486 4556 1531 4598 aro

289 4632 402 4693 bilagda
420 4632 489 4680 haue
509 4632 570 4679 brai
587 4633 629 4679 till
650 4632 780 4680 kansiern
800 4633 829 4681 al
848 4632 873 4679 d.
895 4639 922 4680 11
942 4634 1004 4683 Jan.
1026 4636 1099 4684 1626.
1117 4632 1332 4681 Oxenstiernalsa
1351 4633 1510 4695 samlingen.
