3314 5362
395 382 437 445 70

436 548 482 613 Ut
515 569 590 610 vero
624 548 743 624 videas,
776 548 889 632 quanti
923 561 1070 634 sumptus
1093 562 1202 610 nostra
1223 547 1375 632 opinione
1397 571 1416 610 a
1436 547 1613 611 faederatis

350 648 384 711 in
418 648 503 713 hunc
536 647 716 712 exereitum
750 647 819 712 fieri
853 648 982 724 debent,
1017 649 1110 712 mitto
1144 647 1203 711 tibi
1233 648 1373 713 rationes
1401 649 1537 734 expensi
1564 647 1613 711 de

351 771 460 812 mense
492 749 526 812 in
555 770 696 812 mensem
709 750 745 829 ¹).
791 748 954 835 Sumptus,
978 761 1015 814 ut
1038 750 1136 825 vides,
1160 749 1273 835 exigui
1297 761 1381 825 suni,
1404 751 1431 812 si
1455 772 1531 813 cum
1556 749 1611 813 rei

351 848 576 937 magnitudine
610 863 847 935 comparentur,
884 872 922 913 ea
956 849 1101 914 adhibita
1135 849 1363 927 moderatione,
1397 866 1433 913 ut
1467 850 1610 914 tolerari

351 948 489 1035 possint;
516 949 656 1013 maxime
679 950 765 1034 quod
789 949 873 1013 'Sua
896 951 1011 1014 Maus*
1034 951 1118 1015 vires
1141 972 1212 1015 suas
1235 973 1346 1015 omnes
1368 951 1514 1038 proprias
1539 952 1613 1015 huc

350 1051 495 1114 conferre
519 1049 678 1127 statuerit,
695 1050 800 1135 iisque
817 1051 991 1114 secuudum
1008 1051 1112 1115 Deum
1126 1051 1264 1115 maxime
1277 1052 1442 1117 innitatur.
1474 1053 1609 1131 Quodsi

350 1165 457 1215 tamen
492 1150 570 1237 quid
603 1151 740 1235 amplius
768 1174 786 1213 a
810 1151 971 1215 foederatis
994 1151 1133 1216 obtineri
1155 1166 1274 1238 posset,
1297 1153 1330 1217 id
1353 1168 1437 1217 esset
1460 1154 1501 1218 ad
1526 1177 1613 1218 con·

349 1252 524 1316 sectionem
548 1251 592 1315 rei
617 1251 754 1315 multum
779 1251 928 1336 ponderis
951 1250 1144 1318 habiturum.
1194 1258 1343 1340 Accepta
1365 1277 1442 1317 vero
1459 1256 1611 1340 pecunia

352 1353 443 1417 *Rex
467 1352 576 1416 meus*
600 1352 765 1438 proprium
788 1375 880 1416 suum
904 1354 1094 1431 exercitum,
1118 1376 1214 1439 quem
1237 1377 1324 1418 nunc
1342 1352 1448 1429 habet,
1464 1354 1612 1439 colliget

352 1467 448 1539 atque
470 1453 603 1517 initium
626 1453 844 1540 expeditionis
865 1454 1011 1518 facturus
1034 1468 1093 1530 est,
1115 1475 1178 1518 non
1195 1454 1360 1532 dubitans,
1377 1456 1486 1541 copias
1504 1454 1608 1519 facile

351 1555 461 1620 indies
479 1568 611 1620 auctum
632 1554 682 1630 iri,
706 1576 779 1617 cum
802 1556 842 1618 de
864 1556 971 1618 nervis
994 1577 1030 1619 ac
1052 1554 1222 1641 stipendiis
1244 1568 1379 1620 constet.

435 1655 554 1719 Missus
588 1654 641 1718 hic
674 1654 831 1738 nobilisi)
858 1677 931 1719 cum
955 1655 1044 1721 hisce
1067 1668 1116 1720 est
1138 1655 1249 1731 literis,
1272 1674 1310 1719 ut
1331 1668 1365 1720 et
1386 1656 1507 1720 certius
1532 1657 1609 1722 red-

351 1756 477 1832 dantur,
512 1772 545 1820 et
577 1756 673 1820 citius
707 1758 828 1833 redeat,
861 1780 901 1820 ne
934 1755 1011 1842 quid
1044 1755 1138 1820 nobis
1170 1756 1334 1842 temporis,
1368 1769 1405 1820 ut
1430 1755 1610 1833 haetenus,

351 1856 471 1921 frustra
505 1871 622 1943 pereat.
680 1856 771 1931 Vale,
805 1870 839 1921 et
865 1859 934 1922 sine
962 1880 1060 1933 mora,
1082 1857 1160 1944 quid
1183 1872 1218 1921 tu
1242 1871 1337 1943 atque
1361 1856 1417 1921 alii
1439 1858 1610 1933 sentiatis,

352 1958 502 2022 rescribe.
547 1958 713 2022 Dabuntur
740 1957 948 2022 Stokholmiae
970 1959 1023 2023 die
1047 1960 1086 2022 16
1108 1957 1234 2045 Aprilis
1257 1962 1320 2021 An.
1344 1959 1437 2022 1625.

1014 2124 1150 2212 Magnis.
1174 2140 1237 2190 tuae
1260 2126 1515 2190 studiosissimus

1038 2226 1179 2291 axelius
1202 2226 1397 2291 Oxenstiem
1421 2251 1487 2313 mp.

436 2417 516 2465 Eiter
535 2416 723 2479 egenhandlgt
741 2416 862 2478 ioneept
880 2417 890 2464 i
908 2415 1083 2465 Riksaririvet
1101 2416 1164 2465 med
1181 2416 1300 2479 ptskrift
1320 2416 1520 2475 ›Camerario›‚
1533 2416 1609 2478 ism·

352 2499 427 2548 iordt
454 2501 515 2549 med
542 2502 689 2563 orIgiualet
716 2501 724 2548 i
752 2500 886 2549 Colleotlo
913 2500 1116 2559 Camerarisna,
1140 2500 1285 2550 Mlluclran.
1321 2499 1478 2563 Koneeptet
1497 2501 1607 2550 saknar

353 2584 462 2632 datum:
490 2585 499 2632 1
526 2585 674 2647 originaiet
700 2587 731 2632 tr
751 2584 826 2633 blott
848 2585 1054 2634 underskrliten
1078 2584 1261 2648 egenhandrg.
1297 2584 1383 2633 Fdrat
1401 2584 1465 2633 med
1485 2584 1543 2633 den
1563 2585 1607 2633 bl·

352 2666 437 2731 iagda
454 2666 781 2730 kostnadsbertkningen
801 2669 894 2732 tryckt
911 2669 961 2719 hos
982 2668 1099 2728 Moser,
1118 2670 1195 2718 Patr.
1215 2668 1326 2727 Archia,
1343 2668 1374 2715 V:
1394 2671 1540 2716 169-160.

439 2868 458 2925 ¹)
477 2871 574 2919 Denna
591 2870 883 2933 kostnadsberakning
900 2870 952 2919 har
969 2869 1093 2933 loliande
1111 2870 1230 2932 lydelss:

438 2954 568 3003 Rationes
591 2960 758 3017 sumptuum,
779 2969 847 3017 quos
865 2954 924 3003 fieri
942 2960 1053 3016 oportet
1072 2956 1100 3002 ln
1121 2957 1150 3003 10
1169 2955 1322 3017 regimenta
1339 2953 1464 3016 peditum
1483 2958 1515 3002 ct
1535 2957 1608 3002 1000

353 3041 476 3102 equitum
506 3039 757 3102 cataphractorum,
785 3039 812 3086 ln
841 3037 899 3100 ejus
927 3039 1170 3101 conscriptionem,
1197 3052 1272 3087 arma
1298 3042 1327 3087 et
1353 3039 1435 3087 trium
1464 3036 1604 3086 mensium

353 3123 502 3186 stipendia.
520 3130 549 3171 et
568 3122 594 3170 in
615 3128 788 3172 antecessum
807 3122 891 3171 dandi
910 3127 986 3171 snat:

1402 3201 1538 3251 rhaulmp.
1557 3203 1606 3242 Sol.

439 3275 489 3323 Pro
507 3275 712 3335 conscriptione
726 3276 791 3321 2⁰00
805 3276 928 3337 equitum
942 3274 1194 3337 cataphractorum,
1206 3272 1376 3322 numerando

353 3359 380 3404 ln
400 3357 545 3419 quodlibet
563 3364 647 3421 caput
668 3362 696 3406 18
715 3358 839 3408 thaleros
857 3359 1014 3419 imperiales
1029 3391 1372 3405 ...........
1421 3358 1506 3404 66000
1562 3381 1595 3390 -

438 3442 488 3490 Pro
506 3444 713 3505 conscriptione
734 3447 763 3491 10
782 3445 993 3507 regimentorum
1011 3442 1146 3505 peditam,
1163 3441 1334 3490 numerando
1347 3440 1375 3489 in

354 3524 498 3586 quodlibet
511 3531 595 3589 caput
613 3531 627 3574 9
645 3527 768 3577 thaleros
787 3528 909 3576 Baeticos
929 3559 1373 3573 ..............
1422 3528 1504 3572 66161
1562 3528 1604 3572 24.

439 3609 530 3658 Trium
550 3611 683 3660 mensium
701 3611 869 3674 stipendium
888 3613 916 3660 ln
938 3615 967 3658 16
987 3612 1046 3659 alas
1064 3610 1306 3672 cataphractomm
1332 3644 1337 3655 .
1365 3643 1371 3655 .
1405 3612 1506 3656 171913
1562 3611 1603 3656 90.

439 3693 530 3741 Trium
548 3696 680 3743 mensium
700 3695 868 3757 stipendium
887 3695 915 3742 in
937 3698 966 3742 10
985 3695 1141 3756 regimenta
1159 3694 1305 3757 peditum.
1333 3728 1339 3738 .
1367 3728 1373 3740 .
1404 3695 1506 3741 autaut
1561 3695 1602 3739 66,

438 3780 522 3825 Arma
548 3784 597 3826 ant
619 3792 712 3827 aarum
736 3780 797 3827 ioco
816 3780 896 3827 unius
913 3780 1013 3827 mensis
1032 3777 1200 3840 stipendium
1219 3779 1248 3827 in
1269 3781 1298 3825 16
1318 3779 1376 3826 slas

354 3863 592 3924 cataphractorum
624 3894 1373 3910 .......................
1422 3864 1507 3908 67914
1562 3863 1603 3907 91.

437 3948 519 3994 Arma
541 3951 589 3995 aut
612 3946 706 3996 horum
726 3946 786 3994 loco
805 3947 884 3995 unius
903 3945 1004 3996 mensis
1022 3946 1192 4009 stipendium
1210 3945 1240 3995 in
1259 3949 1289 3993 10
1307 3945 1377 4007 regi·

353 4036 447 4078 menta
464 4030 588 4092 peditum
626 4064 1373 4077 .......................
1423 4032 1506 4075 69169
1563 4031 1600 4075 li.

1396 4095 1599 4104 ——--—-—

1405 4133 1506 4178 608696

438 4216 517 4264 Eiter
544 4217 684 4280 aitrycket
710 4218 760 4266 hos
787 4216 907 4275 Moser,
934 4216 1011 4263 Patr.
1035 4215 1145 4273 Archiv,
1168 4216 1199 4263 V:
1220 4218 1275 4272 181,
1299 4218 1370 4264 samt
1392 4214 1483 4276 impia,
1503 4211 1599 4275 biis-gd

355 4300 403 4348 det
421 4301 470 4349 sid.
490 4304 521 4348 68
540 4306 590 4350 not
608 4297 627 4357 ¹)
646 4302 813 4351 omnamnda
831 4299 940 4349 breiret
957 4298 1001 4348 till
1019 4298 1143 4362 Rutgsrs.

438 4380 459 4442 ²)
485 4385 572 4434 Detta
599 4387 650 4435 ooli
676 4386 801 4449 foliande
830 4384 891 4433 brei
914 4382 1014 4432 sandes
1037 4384 1181 4446 samtidigt
1198 4383 1241 4431 tili
1267 4382 1437 4431 Camerarius
1456 4380 1522 4430 med
1541 4379 1601 4428 hoi-

353 4469 488 4533 junkarcn
508 4470 573 4520 Otto
593 4470 747 4520 Schulman.
