3264 5354
84 819 110 871 s.
147 816 215 873 mn
238 817 421 873 christian
444 829 509 872 son
530 816 658 883 Belum
679 816 989 885 Brnndonburcskt
1006 808 1239 885 censimum·

790 915 990 986 Jonkovlnoe
1011 917 1047 973 d.
1066 918 1111 973 Μ.
1131 915 1210 973 Jnn.
1232 917 1325 973 1025.

86 1134 242 1196 rmum
259 1133 393 1194 sinnelag
412 1133 422 1180 1
439 1131 520 1196 triga
531 1147 575 1182 om
588 1132 643 1183 deu
655 1130 833 1194 evengelista
845 1130 1101 1195 koaltttonsplunen
1113 1130 1325 1194 otortndsrllsst,

154 1217 229 1266 blott
249 1217 337 1266 itven
356 1216 392 1267 de
410 1217 500 1278 otrtgs
517 1216 648 1266 bttrtdde
667 1216 729 1265 den.
765 1215 820 1265 Des
838 1215 940 1278 Ηιγιιν
958 1215 1096 1276 ankomst,
1113 1214 1182 1264 hana
1200 1215 1324 1265 eternas·

153 1299 195 1349 tlll
216 1300 363 1350 Danrncrk
383 1301 428 1350 lor
446 1305 489 1348 att
506 1298 694 1363 {vogabrlngn
712 1304 755 1349 ett
766 1300 985 1362 konungamote:
1003 1299 1097 1363 ryktet
1108 1312 1153 1348 om
1165 1303 1208 1349 ett
1219 1298 1324 1349 Polskt-

153 1384 266 1434 Danskt
283 1383 407 1433 torbund
426 1384 518 1433 starkt
533 1398 631 1447 genem
650 1383 843 1447 uppbrlngcde
862 1382 937 1440 brett
955 1382 1117 1446 konungens
1135 1382 1324 1446 forhoppnlng

154 1472 197 1518 ιιι
225 1469 327 1532 ryktet
358 1482 425 1517 vore
453 1466 553 1521 talskt:
583 1466 697 1516 Gabriel
724 1466 887 1516 Gumlsson
915 1467 1014 1517 etstnd
1041 1468 1086 1516 tlll
1113 1465 1253 1516 Dsnmark
1279 1466 1325 1516 tor

154 1553 248 1602 denna
268 1553 328 1601 sak.

408 1664 581 1751 Magnifice
602 1662 655 1750 [ac
678 1662 886 1728 Nobilissime
910 1662 993 1749 Vir}

155 1800 266 1865 Audio
290 1814 325 1863 te
348 1801 381 1863 in
406 1799 561 1886 Angliam
587 1799 776 1885 profectum,
798 1798 874 1863 inde
891 1797 925 1861 in
942 1796 1080 1861 Galliam
1095 1799 1322 1877 traiecturum3

88 1900 193 1964 utinam
228 1899 342 1965 solvus
370 1912 404 1964 et
428 1922 501 1963 cum
524 1900 667 1986 propitio
690 1900 769 1963 Deo.
814 1898 898 1978 Quid
921 1897 994 1963 istic
1017 1898 1172 1976 effeceris,
1196 1911 1230 1963 et
1251 1923 1322 1986 quae

87 2018 111 2064 te
138 2024 208 2086 spes
242 2015 366 2077 teneat,
401 2024 507 2086 quaeso
541 2001 617 2065 data
643 1999 810 2065 occasione
837 2021 963 2064 mecum
986 2001 1213 2064 communices.
1257 1999 1323 2064 Ex·

88 2116 252 2185 spectamus
277 2103 366 2167 enim
389 2101 453 2178 hic,
476 2102 552 2187 quid
577 2101 616 2166 de
639 2124 746 2165 rerum
768 2100 972 2165 restitutione
996 2099 1203 2187 consiliisque
1224 2100 1322 2187 Regis

87 2203 138 2265 ruci
158 2204 256 2267 ceteri
277 2202 440 2286 judicant.
485 2202 650 2267 Admonet
674 2225 724 2266 me
746 2201 780 2264 in
803 2201 868 2265 tuis
891 2201 1028 2282 literis¹)
1044 2201 1082 2264 ad
1107 2200 1321 2266 constantiam

89 2304 244 2389 propositi;
280 2327 345 2390 ego
378 2302 440 2367 hoc
473 2303 576 2367 ausim
613 2305 809 2379 adseverare,
842 2300 924 2365 nihil
959 2302 1130 2388 quicquum
1157 2301 1322 2366 inanimo

88 2402 112 2463 S.
130 2402 164 2467 R.
185 2404 275 2468 Mztis
311 2404 434 2468 domini
468 2404 531 2468 mei
565 2417 726 2468 mutatum
759 2403 811 2467 vel
844 2425 913 2467 esse
947 2402 1000 2467 vel
1029 2414 1187 2466 mutatum
1221 2403 1271 2481 iri,
1295 2402 1321 2466 ei

89 2505 172 2568 ceteri
196 2528 339 2591 quorum
367 2503 502 2569 interest
528 2505 642 2569 eodem
664 2504 790 2569 fervore
812 2526 880 2568 rem
903 2502 1142 2591 adgrediuntur,
1166 2503 1321 2590 firmoque

88 2604 205 2669 consilio
232 2620 267 2671 et
294 2604 420 2670 ratione
444 2619 574 2691 ceptum
596 2605 769 2692 negocium
793 2605 925 2669 firmiter
948 2617 1194 2690 constanterque
1217 2627 1322 2690 perse·

89 2718 219 2788 quantur.

158 2805 305 2872 Galliena
328 2807 465 2893 legatus,
488 2829 584 2893 quem
607 2820 640 2888 te
663 2805 795 2870 Embdae
812 2805 1000 2871 convenisse
1016 2804 1139 2883 scribis,
1151 2804 1215 2870 huc
1231 2805 1321 2869 venit

90 2907 184 2989 paucis
216 2908 339 2972 abhinc
372 2907 496 2985 diebus,
524 2920 663 2972 acturus.
687 2907 734 2970 uti
757 2906 853 2984 nosti,
877 2906 916 2971 de
939 2907 1103 2970 communi
1126 2906 1252 2983 faedere.
1274 2906 1321 2969 in·

91 3006 183 3088 primis
215 3009 256 3073 de
292 3007 528 3096 coniungendis
561 3008 676 3072 animis
710 3008 808 3095 Regis
841 3008 904 3071 mei
938 3030 975 3072 ac
1002 3007 1122 3071 Daniae.
1167 3006 1199 3072 Is
1222 3029 1321 3093 pauco

90 3129 150 3170 cum
180 3110 270 3197 Rege
307 3132 379 3173 meo
412 3108 550 3185 locutus,
584 3109 679 3173 rediit
708 3109 742 3172 in
766 3108 911 3183 Drmiam,
936 3130 1078 3184 ursurue,
1103 3121 1138 3173 ut
1160 3108 1265 3185 video,
1289 3108 1319 3169 S.

90 3204 221 3273 Ittteis
254 3224 291 3274 et
323 3208 436 3273 Doniae
469 3232 676 3297 congressum
705 3208 919 3295 personalem3
953 3207 994 3273 de
1020 3230 1084 3295 quo
1106 3208 1319 3295 interipsum

90 3320 116 3367 et
133 3310 311 3396 Anglicum
334 3311 476 3398 legatum
501 3310 740 3395 Eustrytterum
766 3308 808 3395 [oz
832 3308 1099 3396 Austrutherum]
1121 3322 1227 3373 actum
1251 3332 1320 3373 esse

90 3410 201 3474 conscio
233 3434 314 3497 rege
345 3411 455 3475 Daniae
477 3411 637 3498 intelligo.
683 3408 768 3490 Quid
791 3411 848 3474 ille
872 3432 1016 3475 reversus
1038 3432 1146 3475 secum
1168 3411 1252 3474 ferat
1273 3410 1320 3474 in·

90 3508 254 3597 telligemus
291 3512 494 3598 propediem3
527 3535 617 3576 meus
650 3512 735 3576 enim
770 3513 840 3575 Rex
875 3535 931 3597 pro
966 3533 1072 3575 amore
1094 3510 1319 3575 conservandae

91 3612 320 3697 tranquillitatis
352 3614 437 3678 inter
470 3637 503 3678 se
537 3626 570 3678 et
593 3615 720 3678 Danum
744 3626 840 3698 atque
863 3612 930 3676 lunc
952 3635 1060 3696 regnu,
1084 3624 1154 3676 tum
1177 3634 1217 3676 ne
1240 3612 1319 3699 quid

90 3707 300 3795 impedimenti
335 3737 371 3778 sc
403 3736 531 3778 remorae
563 3735 665 3778 causae
699 3714 861 3777 communi
894 3712 1069 3789 iniiciatur,
1096 3713 1186 3777 nulla
1213 3712 1320 3778 medis

92 3812 293 3902 coniungendi
329 3814 452 3878 euimos
484 3815 634 3901 viresque
670 3814 949 3901 neglectumque
982 3813 1068 3878 hunc
1091 3814 1221 3900 quidem
1244 3837 1319 3879 con·

92 3932 216 3994 grecam
240 3916 348 3980 voluit
370 3938 525 3983 recusare.
549 3916 577 3979 si
600 3916 689 3980 visus
712 3914 812 3978 fuerit
834 3939 852 3979 e
875 3937 907 3978 re
931 3927 1028 4002 atque
1051 3938 1111 3979 usu
1134 3937 1212 3979 esee.

160 4014 290 4082 Interim
315 4038 442 4103 sparsus
465 4016 505 4080 de
526 4015 644 4080 saedere
664 4015 927 4079 Polono·Danico
944 4017 1111 4080 adversum
1127 4038 1185 4080 nos
1200 4039 1317 4092 rumor,

93 4114 177 4200 mgis
209 4119 377 4205 magisque
410 4117 570 4193 accrescit,
605 4131 638 4182 et
672 4116 741 4181 eius
774 4117 1051 4181 confirmationem
1080 4116 1261 4203 exspectari
1284 4118 1317 4180 in

93 4208 190 4293 Duris,
221 4218 386 4306 Regisque
418 4217 520 4305 ipsius
553 4218 696 4282 animum
730 4217 905 4282 alienatum
933 4217 1064 4304 penitus
1092 4240 1205 4282 umeo
1228 4218 1317 4306 Rege

93 4323 119 4374 et
145 4316 315 4384 vindictam
349 4318 503 4405 cogitare,
536 4331 694 4384 testantur
720 4317 821 4383 literae
844 4320 987 4405 quaedam
1010 4340 1052 4383 ex
1075 4317 1179 4382 Daniu
1202 4319 1236 4383 in
1259 4319 1318 4383 Po·

94 4408 195 4480 lonicm
216 4420 343 4506 scriptae
366 4443 402 4484 ae
425 4443 443 4484 a
465 4420 557 4485 nobis
579 4421 774 4506 interceptu..
819 4419 855 4484 Id
876 4418 1021 4483 turbavit
1035 4419 1166 4506 quidem
1184 4419 1315 4506 paulurn

94 4530 274 4550 ”—

25 4608 26 4611 ¹
163 4587 181 4650 ¹)
205 4593 252 4643 tttt
278 4593 340 4644 bret
365 4591 428 4641 trin
455 4593 554 4653 Bellln
577 4593 709 4644 datarodt
729 4592 898 4643 Embdend
918 4593 1069 4643 4Dec.-
1035 4595 1249 4702 -antagltgen
1269 4594 1316 4642 det

25 4732 26 4735 ,
95 4666 252 4731 *Μῑῠᾱι-
269 4678 385 4728 finnus*
377 4692 387 4724 r
406 4675 589 4738 Rikssrkivet
607 4676 824 4727 Oxenstiarnsks
841 4676 1005 4742 samltngsn.
