3248 5328
351 444 413 510 358
1312 460 1317 489 ·

307 613 491 699 cogitasset.
536 613 582 679 Ut
603 613 705 700 igitur
729 614 890 680 Vistulam
912 615 946 679 in
970 628 1129 702 potestate
1152 618 1314 694 retineret,
1342 617 1431 681 omni
1454 618 1550 702 hujus

307 713 535 779 commoditate
578 713 724 779 hostibus
765 716 891 780 seclusa
902 717 939 798 ¹),
984 715 1213 781 Derscbaviarn
1249 716 1405 796 munivit;
1449 718 1551 782 muni·

307 828 451 879 mentum
474 816 513 879 ad
536 815 654 891 Horet,
678 814 734 879 uhi
756 838 790 881 se
814 816 943 881 Vistula
962 815 1091 895 dividit,
1107 830 1141 881 et
1156 817 1257 883 altero
1272 818 1345 883 alvo
1360 819 1551 884 Dantiscum

307 915 549 1001 praeterlabitur,
578 914 678 980 altero
706 939 739 981 se
765 916 799 981 in
826 938 913 982 mare
936 917 1141 983 Boruasicum
1165 918 1314 995 effundit,
1337 919 1461 997 erexit3
1484 942 1552 1006 por·

306 1029 376 1081 tum
400 1015 635 1081 Pillswieusem
658 1016 781 1103 duplici
804 1017 1015 1095 munimento,
1037 1017 1107 1083 sine
1128 1019 1246 1083 iniuria
1268 1020 1379 1097 Ducis,
1399 1020 1551 1095 firmavit,

306 1140 371 1204 quo
392 1118 457 1182 itus
479 1116 665 1203 reditusque
688 1117 749 1183 sibi
771 1118 903 1204 impune
926 1131 1061 1204 pateret

388 1217 474 1291 ,Cum
496 1217 701 1283 Dentiscanis
724 1218 793 1305 egit
815 1218 1046 1285 humanissime
1067 1233 1101 1284 et
1122 1220 1257 1296 sincere,
1273 1220 1408 1306 cupiens
1423 1221 1498 1285 illos
1513 1221 1552 1286 ad

303 1321 358 1405 jus
390 1333 423 1383 et
456 1332 551 1405 pacta
583 1318 801 1384 neutralitatis
834 1320 1019 1405 perducere.
1067 1319 1122 1385 Illi
1143 1320 1204 1385 bac
1227 1319 1430 1387 humanitate
1453 1323 1552 1408 Regis

307 1419 408 1497 abusi,
436 1442 531 1507 egere
558 1418 654 1484 initio
676 1419 781 1484 missis
803 1420 919 1506 sepius
941 1420 1056 1508 legatia
1079 1421 1145 1486 suis
1168 1419 1201 1486 in
1224 1436 1328 1486 castra
1349 1436 1384 1487 et
1405 1421 1552 1487 invitatis

308 1521 408 1584 etiam
429 1520 547 1607 legatis
569 1521 600 1585 S.
624 1521 661 1585 R.
684 1521 773 1585 M:tis
795 1520 830 1585 in
852 1520 974 1597 urbem,
997 1522 1053 1587 sed
1070 1535 1109 1586 ut
1127 1522 1333 1607 postmodum
1348 1537 1550 1609 compertum

307 1638 358 1686 ert
393 1636 427 1686 et
461 1620 570 1686 exitus
602 1619 723 1697 docuit,
757 1622 847 1686 nullo
881 1621 945 1686 elio
979 1622 1051 1698 fine,
1085 1645 1182 1708 quam
1216 1635 1253 1686 ut
1287 1636 1415 1709 ternpus
1451 1624 1551 1689 lucra-

307 1736 427 1787 rentur.

391 1823 517 1887 interea
550 1823 621 1887 Rex
649 1822 790 1887 Poloniae
817 1845 888 1887 curu
913 1822 1061 1887 filiosuo
1085 1824 1235 1911 Principe
1258 1825 1427 1909 eunetis²)
1449 1826 1549 1913 copiis

307 1923 374 1988 suis
407 1923 563 2010 paulatim
596 1924 810 2011 progreditur,
843 1937 941 2010 etque
973 1924 1069 1989 initio
1095 1924 1191 2011 hujus
1218 1925 1337 1991 mensis
1359 1926 1548 1990 Graudentii

307 2024 460 2097 consedit,
494 2024 714 2111 accedensque
749 2025 880 2111 propius
912 2038 1015 2089 castra
1047 2026 1156 2111 posuit
1185 2027 1270 2090 ldtta
1297 2025 1413 2091 abhinc
1436 2028 1547 2092 dicad

307 2125 497 2212 oppidulum
520 2138 552 2189 et
575 2147 678 2189 arcem
702 2148 766 2189 non
790 2127 898 2212 magni
922 2127 1085 2202 momenti,
1109 2125 1195 2212 quod
1215 2140 1343 2191 tenetur
1359 2127 1391 2190 S.
1408 2127 1447 2192 R.
1464 2128 1547 2192 M:tis

305 2226 464 2313 presidio,
487 2226 610 2291 dictum
633 2226 772 2291 Merum.
816 2226 888 2291 Rex
909 2227 1010 2314 igitur
1032 2249 1122 2291 meus
1145 2225 1315 2291 adversum
1335 2227 1546 2315 progreditur,

306 2342 339 2392 et
360 2351 379 2391 a
400 2327 512 2394 castris
533 2326 705 2391 hostilibus
730 2350 828 2391 unum
852 2327 988 2392 milliare
1011 2340 1112 2391 castra
1128 2327 1229 2405 locet3
1252 2328 1368 2415 dicque
1385 2343 1545 2415 sequente,

306 2429 363 2514 qui
397 2445 464 2493 erat
498 2431 587 2492 122us
615 2428 722 2512 hujus,
745 2428 960 2515 cognoscendi
984 2451 1020 2492 ac
1042 2428 1237 2514 inspiciendi
1259 2427 1366 2493 locum
1389 2452 1489 2493 causa
1510 2429 1546 2493 ad

305 2527 447 2593 hostium
474 2544 579 2594 castra
605 2529 738 2604 accedit,
761 2529 819 2593 ubi
839 2528 987 2593 velitatio
1010 2529 1091 2593 acria
1112 2528 1197 2593 iuter
1219 2529 1345 2615 pedites
1368 2544 1494 2594 nostros
1514 2553 1546 2595 ac

306 2630 407 2695 hostis
440 2630 565 2716 pedites
599 2650 635 2694 ac
668 2629 866 2694 Cosuccones
902 2630 1070 2694 commissa
1101 2629 1165 2694 fuit
1198 2631 1236 2694 ad
1266 2629 1413 2707 bhores,
1440 2654 1545 2696 verum

304 2730 398 2796 hoste
432 2754 489 2818 per
520 2743 680 2795 tormonte
714 2744 822 2795 nostra
855 2731 976 2795 maiora
1001 2746 1035 2795 et
1057 2732 1203 2817 peditum
1227 2730 1390 2796 minorue
1414 2731 1545 2818 planitie

305 2845 438 2909 remoto,
466 2832 537 2897 Rex
560 2831 629 2895 sine
653 2831 721 2895 ullo
744 2830 936 2896 detrimento
958 2831 992 2895 in
1015 2846 1119 2896 castra
1141 2854 1199 2896 sua
1220 2854 1365 2897 reversus
1388 2846 1449 2897 eat.
1493 2831 1545 2897 Ce-

305 2932 411 2997 cidere
446 2957 488 2998 ex
521 2946 608 3020 parte
642 2932 783 2997 hostiurn
817 2932 856 2995 ad
891 2934 952 2996 150
983 2945 1017 2996 et
1043 2934 1063 2996 3
1090 2933 1261 3019 capitanei,
1287 2946 1325 2998 ut
1347 2957 1389 2998 ex
1412 2934 1544 3020 captivis

305 3033 462 3113 innotuit;
496 3036 581 3120 apud
614 3056 671 3098 nos
700 3033 873 3098 desiderati
901 3046 974 3096 sunt
996 3033 1124 3098 circiter
1146 3034 1196 3109 20,
1219 3056 1277 3097 nec
1300 3034 1472 3121 quisquam
1495 3035 1544 3098 ali·

305 3134 396 3199 cuius
424 3134 573 3199 nominis.
618 3134 793 3221 Postquam
820 3156 895 3198 vero
918 3133 1032 3198 Comes
1055 3134 1232 3198 Turnenais
1254 3158 1327 3198 curn
1351 3134 1543 3199 Germanicis

305 3235 492 3300 cohortibus
518 3236 694 3322 adpulisset
721 3259 763 3300 ex
785 3235 933 3309 Livonis,
957 3234 986 3298 S.
1011 3235 1047 3299 R.
1071 3235 1165 3298 M:tas
1188 3248 1283 3298 aucta
1304 3236 1438 3322 egregio
1462 3235 1544 3323 pedi·

304 3349 375 3401 tatu
403 3337 511 3401 locurn
540 3337 651 3400 castris
674 3336 740 3400 suis
763 3336 895 3422 propius
917 3334 1049 3400 hostilia
1069 3335 1200 3420 delegit,
1222 3336 1345 3399 fuctum
1368 3337 1544 3421 periculum

305 3438 332 3500 ai
355 3452 462 3522 speret
483 3436 617 3520 hosti(?)
641 3437 742 3502 Mevae
765 3459 946 3501 succurrere
969 3436 1069 3523 possit
1081 3436 1118 3517 ⁸).

391 3538 488 3613 Deus,
510 3538 545 3602 in
568 3539 660 3603 cuius
683 3560 778 3601 manu
802 3550 920 3601 cuncta
942 3551 1025 3611 sunt,
1047 3538 1192 3602 fortunet
1215 3536 1244 3600 S.
1269 3537 1356 3601 M:tia
1377 3537 1542 3609 destinata,

306 3660 385 3724 quae,
413 3660 487 3702 cum
513 3640 608 3704 unice
631 3639 753 3704 directa
775 3638 910 3702 suntad
934 3639 1070 3702 salutern
1094 3652 1126 3702 et
1148 3638 1426 3702 conservationem
1450 3637 1542 3704 eccle·

305 3739 359 3803 sire
394 3752 490 3825 atque
517 3740 701 3818 amicorum,
729 3754 798 3804 tum
821 3740 860 3804 ad
883 3739 1087 3802 securitatem
1110 3739 1272 3825 propriam
1295 3755 1328 3804 et
1350 3739 1542 3805 consecutio·

305 3862 379 3905 nem
409 3841 506 3924 justae
539 3840 637 3925 pecie,
671 3841 863 3905 confidimus
895 3863 953 3903 nos
988 3841 1093 3904 Deum
1127 3840 1290 3904 habituros
1323 3840 1488 3905 faventem
1512 3852 1543 3902 et

305 3941 415 4028 caeptis
439 3941 556 4004 bonurn
579 3954 833 4026 exoptatumque
845 3943 873 4023 ⁴¹)
894 3942 1020 4005 exitum
1042 3939 1242 4025 largientem.
1288 3941 1360 4027 Ego
1383 3940 1423 4006 ad
1439 3941 1541 4005 literas

306 4056 377 4106 tuus
410 4040 512 4105 multa
545 4041 694 4105 haberem
725 4064 794 4127 quae
820 4042 1001 4118 scriberem,
1024 4064 1136 4106 verum
1160 4042 1316 4106 excludor
1337 4056 1491 4128 ternpore,
1511 4054 1542 4103 et

306 4165 399 4228 spero
425 4166 479 4237 me,
499 4142 685 4228 propediem
711 4139 895 4205 habiturum
918 4141 1105 4206 facultatem
1128 4156 1270 4207 mentem
1293 4164 1397 4206 rneam
1421 4141 1541 4206 uberius

391 4330 411 4389 ¹)
429 4332 573 4396 Attryeket
591 4331 640 4380 hos
660 4330 767 4380 Moser
784 4332 835 4380 har
851 4330 993 4396 preclusa.

390 4412 411 4469 ²)
429 4416 575 4478 Attrycket
593 4416 642 4464 hos
661 4416 767 4463 Moser
784 4416 834 4465 har
846 4417 959 4479 junctis.

389 4495 410 4557 ³)
428 4500 572 4562 Attrycket
599 4500 648 4548 hos
675 4499 782 4548 Moser
807 4500 868 4548 her:
899 4500 1016 4563 >sactum
1039 4498 1201 4564 periculum,
1228 4503 1252 4549 rr·
1279 4499 1362 4548 Merca
1390 4510 1539 4549 succurrere

325 4586 414 4631 ursit».

300 4597 322 4647 p
389 4663 409 4721 ⁴)
429 4667 583 4716 Atskrltten
603 4667 664 4716 trito
684 4668 764 4729 Haag
782 4667 833 4716 her
854 4670 967 4716 »nomini
986 4671 1166 4733 cooptatum».
