3314 5362
1254 399 1294 467 tt

44 648 45 651 Ἴ
102 568 183 633 naris
204 566 351 633 Balthici
374 567 481 654 potiri.
526 567 612 632 Tuto
633 565 736 653 igitur
758 580 793 631 et
813 565 1011 633 confidenter
1032 565 1187 652 Princeps
1209 577 1283 630 tuus
1305 579 1339 633 et

103 669 224 734 consilio
260 683 293 733 et
321 692 420 756 opera
446 668 546 755 Regis
572 666 638 734 mei
663 666 725 733 hoc
752 666 786 731 in
808 667 944 755 negocio
967 667 1014 731 uti
1038 680 1156 753 potest,
1178 680 1284 733 sertus
1306 666 1337 733 S.

103 770 265 835 lletem
286 792 347 855 pro
370 769 526 833 affinitate
549 780 727 855 mutuoque
750 791 865 845 amore,
889 791 954 854 quo
971 768 1125 852 jungitur
1144 767 1338 833 Celsitudini

102 871 199 956 ipsius,
233 885 267 935 et
293 871 435 956 denique
458 868 546 955 quod
568 881 675 934 nostra
696 891 825 955 quoque
847 868 985 948 intersit,
1008 859 1126 933 statum
1148 892 1254 935 rerum
1278 869 1338 935 Po·

103 971 325 1036 ncranicarum
359 971 548 1036 modernum
580 993 645 1035 non
678 969 801 1034 turbari
834 983 890 1034 sut
922 970 1058 1035 distrahi
1088 993 1148 1036 nec
1170 970 1280 1035 venire
1302 970 1337 1035 in

103 1095 200 1136 nanus
223 1071 410 1136 invidorum
432 1084 627 1147 nostrorum,
649 1069 732 1135 nihil
754 1092 819 1135 non
839 1070 1011 1149 facturum,
1034 1094 1109 1137 cum
1128 1094 1210 1157 opus
1225 1071 1336 1149 fuerit,

103 1188 132 1236 ut
150 1172 293 1258 Principi
317 1186 376 1237 tuo
397 1187 516 1237 cuncta
537 1171 578 1236 iis
599 1172 633 1236 in
656 1172 736 1236 locis
759 1186 844 1237 sarta
865 1184 953 1237 tecta
974 1184 1213 1239 conserventur.

173 1274 227 1338 Ad
255 1296 386 1337 causam
412 1272 513 1338 Ducis
541 1271 747 1338 Churlandiae
773 1273 859 1359 quod
883 1272 1010 1350 attinet,
1033 1272 1132 1337 vellet
1152 1272 1224 1337 Rex
1246 1295 1338 1336 meus

44 1376 45 1421 ἶ
104 1373 229 1439 ditiones
260 1374 365 1460 ipsius
392 1374 456 1439 alio
483 1375 557 1439 loco
584 1373 671 1451 sitas,
694 1373 786 1439 utin
808 1375 946 1461 gratiam
969 1373 1130 1460 Principis
1153 1373 1202 1438 tui
1225 1396 1262 1438 ac
1284 1374 1338 1439 do·

44 1494 46 1529 1
104 1498 164 1539 mus
189 1475 407 1540 Pomeranicae
434 1474 506 1539 illas
533 1474 671 1540 intactas
692 1475 874 1560 relinquere
897 1490 1020 1561 posset3
1043 1498 1153 1539 verum
1175 1497 1235 1541 nco
1258 1473 1339 1540 situs

104 1575 234 1641 locorum
268 1576 302 1640 id
331 1576 464 1661 patitur,
490 1598 550 1640 neo
578 1575 694 1641 Poloni
717 1575 910 1641 molitiones.
954 1578 1005 1641 Ac
1027 1576 1107 1641 licet
1128 1575 1158 1640 S.
1181 1575 1219 1641 R.
1243 1575 1339 1641 Mrtss

44 1700 45 1753 t
105 1676 239 1741 dominus
273 1699 365 1740 meus
397 1677 430 1741 id
460 1676 562 1742 vellet
588 1689 622 1741 et
647 1689 765 1763 posset,
787 1689 895 1741 tamen
914 1677 1035 1761 justam
1057 1675 1339 1741 neutralitatem

44 1800 45 1817 ¹
105 1776 181 1863 Rege
214 1777 358 1842 Poloniae
391 1776 594 1841 Churlnndus
627 1800 790 1863 nunquam
826 1777 995 1843 obtinebit.
1044 1776 1171 1842 Bellum
1200 1775 1339 1841 enimsi

44 1880 45 1957 j
106 1893 239 1943 renatum
272 1877 376 1941 fuerit
407 1878 493 1942 inter
524 1899 583 1941 nos
615 1891 650 1943 et
682 1878 851 1955 Polonum,
879 1879 927 1941 uti
954 1889 1005 1942 est
1031 1877 1195 1954 credibile,
1222 1876 1339 1941 Poloni

107 2000 181 2043 more
202 2002 262 2043 suo
285 1978 557 2063 depraedabuntur
580 1977 807 2043 Churlandiam
831 1979 939 2065 potius
961 1977 1128 2064 sanguinis
1146 1977 1337 2056 Germanici,

108 2101 189 2162 quam
210 2079 443 2144 Lithoranium
465 2098 571 2157 susm;
594 2102 630 2143 nc
653 2079 679 2143 si
701 2080 773 2165 quis
795 2102 909 2144 verum
931 2080 1026 2145 fateri
1049 2078 1140 2155 velit,
1155 2102 1215 2144 nec
1231 2102 1288 2144 nos
1303 2079 1338 2143 in

44 2200 46 2219 ⁸
109 2177 323 2244 Lithovaniam
356 2194 534 2266 penetrare,
567 2203 626 2244 neo
659 2180 709 2245 illi
742 2181 776 2244 in
804 2180 975 2246 Livoniam
1003 2181 1170 2244 commode
1193 2193 1338 2265 possunt,

44 2300 45 2375 ,
108 2279 158 2342 nisi
176 2303 234 2365 per
260 2280 502 2357 Ohurlandiam,
524 2294 563 2345 ut
579 2281 655 2365 jura
676 2281 891 2345 neutralitatis
912 2280 1089 2346 difficulter
1110 2304 1149 2345 co
1171 2280 1243 2344 loco
1265 2302 1339 2346 cou-

44 2388 45 2397 ³
108 2381 208 2444 servari
232 2381 369 2467 possint.
401 2380 491 2457 Vale,
509 2381 558 2445 vir
573 2380 707 2467 optime.
737 2381 906 2447 Debentur
921 2380 1128 2447 Stckholmiae
1142 2381 1195 2446 die
1211 2386 1230 2447 2
1245 2380 1338 2446 Junii

108 2484 189 2545 Anno
212 2483 306 2546 1625.

177 2636 374 2701 Egenhtndlgt
390 2637 514 2701 koncept
531 2638 540 2686 i
559 2636 746 2699 Rllrsarkiret,
764 2636 948 2701 petecknadt:
969 2638 1087 2687 ›Levlno
1106 2638 1322 2688 Knesebecktm.

44 3076 45 3151 l
108 3075 152 3130 st.
190 3077 260 3132 uin
283 3078 387 3132 Lanr.
409 3076 571 3143 wellias,
593 3078 767 3146 professor
789 3078 856 3134 och
878 3077 1056 3145 domprost
1076 3076 1090 3132 l
1112 3078 1249 3146 Upsala.

812 3179 1016 3234 stockholm
1038 3179 1072 3235 d.
1096 3178 1339 3235 ssuni1ens.

44 3382 45 3447 ξ
109 3387 150 3439 On
171 3391 369 3456 ltmpllgheten
393 3392 423 3441 al
440 3398 483 3441 att
501 3393 600 3443 lbrena
618 3394 826 3443 nulversltetets
844 3392 1049 3456 prolranslsrlat
1065 3393 1127 3442 med
1146 3392 1340 3459 trkcbiskops·

177 3476 371 3538 rardlgheten.
411 3476 536 3526 Klander
559 3477 590 3526 af
610 3476 703 3526 Wallii
721 3476 883 3526 rerfnrande
901 3482 958 3526 mot
977 3477 1340 3541 domkyrkosysslomsnnen

182 3575 229 3609 ωτι
247 3560 431 3609 Abrahnmus.

110 3886 187 3966 Quod
219 3914 271 3955 mc
307 3892 469 3969 admones,
497 3892 715 3955 inconsultum
742 3914 820 3970 esse,
844 3905 881 3957 ut
902 3893 1143 3979 procanccllarii
1166 3915 1283 3957 munus
1306 3893 1339 3957 vi

109 3987 341 4078 privilegiorum
379 3993 648 4058 Academicorum
687 3993 870 4058 conseratur
902 3993 936 4057 in
970 3993 1271 4081 Arcbiepiscopum‚
1304 3993 1339 4057 id

109 4090 214 4174 optime
246 4094 451 4180 interpretor,
485 4117 525 4157 ne
559 4093 713 4159 videlicet
745 4092 994 4180 Archiepiscopi
1028 4094 1174 4180 potentia
1203 4094 1339 4161 nimium

110 4208 258 4257 excrescat
290 4194 325 4258 in
359 4194 600 4280 oppressionem
637 4196 867 4280 professorum3
890 4219 1001 4260 verum
1024 4218 1097 4259 cum
1120 4195 1191 4259 vice
1214 4194 1338 4261 cancel·

110 4286 170 4353 larii
199 4293 364 4381 fungatur,
398 4316 461 4358 non
496 4308 574 4380 puto
602 4295 732 4381 aliquod
762 4296 942 4382 periculum
965 4319 1043 4360 esse.
1087 4296 1157 4359 Nec
1180 4295 1340 4360 obtinebit

111 4388 282 4475 dominium,
311 4395 368 4459 sed
395 4409 503 4459 custos
531 4396 601 4471 erit,
628 4410 666 4459 ut
688 4396 796 4461 omnia
817 4410 905 4461 recte
929 4396 1200 4461 administrentur.
1245 4396 1338 4461 Certe

111 4490 158 4555 vir
192 4495 250 4559 crit
287 4495 404 4581 aliquis
444 4496 557 4582 aptior,
596 4496 755 4583 siquidem
792 4509 825 4561 ct
862 4497 1022 4582 professor
1054 4497 1241 4584 plerumque
1274 4497 1340 4561 fuit

111 4592 377 4682 Archiepiscopus,
399 4610 438 4660 ut
458 4619 564 4661 rerum
586 4599 855 4662 Academicarum
878 4597 1019 4663 maxime
1043 4599 1086 4663 sit
1107 4621 1234 4684 gnarus,
1257 4596 1339 4662 etsi
