3212 5352
275 630 310 696 in
343 631 423 695 istos
452 630 624 695 violatores
652 629 727 694 fidei
749 627 888 716 publicae
910 627 1107 716 supplicium
1129 642 1298 707 statuatur,
1320 644 1378 694 aut
1399 629 1428 694 si
1450 630 1526 695 tolli

276 753 405 796 omnem
437 730 522 795 inter
553 752 612 794 nos
645 730 855 817 imposterum
887 729 1213 795 communicationem
1247 730 1364 808 velitis,
1397 744 1435 796 nt
1462 731 1526 796 hoc

277 831 470 919 tempestive
491 830 684 917 intelligam,
706 852 747 894 ne
770 830 965 895 vestratibus
986 830 1080 895 nobis
1095 829 1272 895 inferendae
1287 831 1416 915 injurie
1433 855 1528 896 occa·

276 934 400 998 sionem
434 932 640 1020 praebeamns,
673 944 897 1018 nostratesque
930 931 1081 995 innoxios
1114 930 1277 997 violentiae
1307 931 1419 996 hostili
1442 932 1528 998 obii-

276 1034 409 1098 ciamus.
464 1032 631 1098 Dabuntur
663 1056 681 1098 e
714 1031 826 1097 castris
859 1031 956 1119 regiis
989 1031 1029 1129 μᾶ
1059 1030 1278 1097 Bsudschinm
1305 1032 1358 1098 die
1382 1036 1421 1097 17
1445 1033 1529 1121 Sep·

276 1134 409 1199 tembris
433 1156 516 1198 anno
539 1134 630 1197 1625,

1011 1215 1153 1282 Axelins
1176 1216 1401 1295 Oxenstierua,

963 1321 1052 1386 Regni
1069 1321 1172 1374 Sneelae
1191 1322 1382 1374 cancellarius
1399 1329 1451 1375 etc.

361 1440 521 1491 Utanskritt
538 1455 597 1491 scm
615 1440 663 1490 rid
681 1440 732 1491 Nzc
750 1444 791 1490 89.

361 1542 441 1592 litter
467 1542 670 1606 manuskriptet
696 1541 742 1591 tlll
769 1542 804 1591 dc
831 1541 920 1591 under
941 1541 991 1591 Nm
1014 1545 1046 1590 49
1066 1541 1231 1592 omntmnde
1252 1543 1378 1592 »Acteis
1396 1543 1530 1603 Litore»,

276 1626 412 1690 jimidrdt
437 1626 500 1675 med
528 1626 676 1690 attryckct.
720 1625 734 1675 1
756 1625 960 1689 manuskrtptet
980 1624 1043 1676 med
1062 1625 1206 1676 kanslerns
1224 1625 1417 1691 egenhandiga
1436 1627 1532 1678 diver·

277 1710 372 1761 skrtit:
397 1710 512 1759 ›Literae
534 1709 699 1760 cancellarii
718 1709 804 1774 Regni
821 1709 924 1759 snecta}
943 1709 979 1758 ad
999 1709 1206 1759 commissarios
1224 1710 1369 1760 Polonlcos
1388 1710 1423 1759 de
1442 1710 1529 1761 inter

278 1793 366 1859 ceptis
385 1798 414 1844 et
432 1792 583 1843 reddendis
601 1793 814 1856 subdelegatlv
851 1792 994 1856 Dtrjtmte
1011 1794 1064 1842 har
1080 1794 1136 1844 han
1155 1793 1402 1844 omedelbartibre
1414 1794 1529 1845 bretvet

276 1879 384 1941 tillagt:
405 1878 486 1927 »Cum
504 1879 532 1927 in
552 1876 642 1926 reditu
661 1881 755 1926 essent
773 1876 948 1941 subdelegatt
967 1876 1024 1926 dmi
1040 1877 1202 1928 cancellarii
1218 1878 1303 1942 Regni
1316 1877 1430 1939 euecta,
1443 1880 1530 1928 inter·

277 1965 353 2027 cepti
377 1962 491 2012 inerunt
517 1975 567 2026 per
593 1962 726 2025 quosdam
754 1961 889 2011 Cosaccos
916 1965 945 2010 st
967 1960 1090 2021 abducti,
1114 1961 1186 2011 ande
1205 1962 1319 2022 tactum,
1337 1965 1368 2011 ut
1386 1966 1528 2012 tractatus

278 2048 368 2096 omnis
386 2048 643 2109 interrumperetur,
662 2059 714 2094 nec
732 2046 795 2094 ulle
813 2046 902 2094 literae
921 2050 1097 2095 commutate
1116 2046 1150 2094 de
1169 2045 1220 2094 hoc
1232 2046 1347 2109 negocio
1361 2047 1427 2105 sint,
1439 2048 1530 2110 prins·

279 2144 362 2194 quam
384 2129 559 2192 subdelegati
583 2129 696 2178 tandem
714 2127 905 2178 redderentur.
942 2128 1057 2178 Interim
1075 2142 1140 2178 vero
1159 2132 1267 2192 captum
1285 2132 1328 2179 est
1347 2131 1393 2192 agl
1411 2130 1446 2179 de
1466 2129 1531 2180 snb·

278 2213 467 2279 delegatorum
486 2213 673 2272 restitutione,
691 2217 723 2262 ut
740 2212 888 2275 seqnitur.»

279 2638 334 2692 98.
377 2636 448 2691 'l'lll
469 2635 572 2693 Furat
594 2634 784 2693 cmistorer
806 2634 985 2692 Radatwil.

813 2736 937 2805 litaret
959 2736 1016 2792 vid
1037 2736 1175 2793 Banake
1199 2736 1233 2791 d.
1256 2736 1294 2792 1¹1
1316 2738 1412 2805 sept.
1434 2738 1527 2793 162⁶.

280 2951 434 3015 Kerangen
460 2950 512 3000 har
538 2950 658 3014 trigitvtt
685 2950 770 3015 ntgra
796 2950 896 3015 linger
922 2951 975 3001 och
1000 2951 1073 3001 litter
1099 2950 1203 3002 tdresld
1226 2950 1343 3001 ailmtnt
1364 2948 1528 3015 tangebas,

363 3034 480 3084 hraridr
496 3034 562 3084 licta
580 3034 616 3098 pd
633 3034 683 3084 hos
702 3035 870 3086 svenskarne
889 3035 991 3099 tangue
1010 3035 1142 3099 polackar
1159 3034 1332 3095 medsdndes,
1351 3034 1404 3084 och
1422 3049 1457 3084 en
1476 3035 1528 3084 llk·

364 3119 456 3169 nanda
474 3117 510 3183 pt
528 3118 632 3183 lingue
651 3119 783 3169 svenskar
800 3119 925 3182 begeres.

364 3248 418 3312 Ex
439 3248 540 3313 libero
563 3247 694 3312 homine
717 3269 844 3312 servum
866 3247 1002 3313 inbelle
1018 3247 1097 3326 lieri,
1113 3261 1207 3313 atrox
1221 3247 1351 3335 quidem
1367 3260 1401 3312 et
1416 3270 1527 3335 grave,

281 3347 336 3412 sed
363 3360 489 3414 suetum
519 3371 670 3436 moreque
697 3348 845 3435 gentium
868 3362 1031 3436 receptum
1054 3361 1112 3413 est.
1157 3347 1250 3413 Nihil
1272 3371 1348 3413 vero
1369 3347 1528 3413 humanas

280 3461 394 3536 gentes
421 3451 524 3537 magis
550 3449 654 3523 decet,
682 3472 787 3536 quam,
815 3449 1035 3514 recordatione
1057 3449 1212 3513 variantis
1233 3449 1370 3513 fortune
1392 3471 1526 3513 aecum

281 3550 315 3613 in
348 3551 470 3614 coeteris
502 3550 598 3615 rebus
627 3551 765 3628 caducis,
787 3562 858 3614 tum
880 3551 915 3614 in
938 3550 1023 3615 bello
1046 3549 1250 3628 colludentis,
1273 3549 1307 3614 in
1329 3561 1441 3636 captos
1463 3572 1527 3614 non

282 3652 413 3727 saevitia,
447 3650 502 3714 sed
536 3651 670 3716 lenitate
703 3664 835 3730 certare,
870 3664 904 3716 et
933 3672 1012 3737 quos
1034 3650 1342 3735 rerumpublicarum
1365 3663 1528 3716 concerta-

282 3750 386 3816 tiones
420 3775 462 3816 ex
493 3752 605 3815 nativa
637 3752 839 3839 ingenuitate
872 3752 906 3816 in
940 3752 1131 3815 servitutem
1164 3750 1379 3828 detruserunt,
1413 3751 1454 3815 de
1487 3750 1528 3814 iis

281 3851 490 3916 restituendis
523 3866 557 3915 et
591 3852 765 3917 liberandis
797 3854 915 3940 potius,
949 3876 1045 3939 quam
1074 3852 1171 3938 longa
1192 3852 1348 3938 gravique
1370 3850 1528 3916 servitute

283 3952 464 4039 premendis
498 3953 650 4040 cogitare.
705 3952 754 4017 Eo
788 3953 928 4018 adducta
960 3953 1028 4016 Sua
1060 3953 1156 4039 Rzgia
1183 3952 1288 4030 Mztas,
1315 3952 1408 4015 d:nus
1437 3974 1528 4015 mens

281 4053 560 4127 clementissimus,
583 4055 735 4141 quosdam
758 4055 958 4131 vestratium,
982 4053 1095 4139 quiin
1119 4075 1230 4117 manus
1252 4064 1376 4117 nostras
1399 4074 1527 4129 venere,

281 4168 347 4218 tam
380 4154 506 4219 nobiles
538 4176 636 4240 quam
670 4155 857 4242 oppidanos,
890 4155 1000 4241 paucis
1034 4153 1151 4218 abhinc
1180 4153 1295 4219 diebus
1316 4151 1436 4216 liberos
1459 4174 1527 4216 esse

277 4256 385 4338 jussos
417 4256 484 4319 suis
517 4257 691 4341 penatibus
723 4256 875 4322 restituit.
931 4255 1091 4334 Quosdam
1120 4277 1206 4331 vere,
1234 4254 1290 4341 qui
1318 4275 1375 4316 sua
1395 4252 1529 4316 nomina

284 4354 534 4419 Cossacconibus
567 4355 730 4435 dederant,
763 4356 917 4423 hactenus
950 4354 1085 4420 retinuit
1113 4355 1148 4419 in
1176 4354 1328 4431 custodia,
1352 4366 1390 4417 ut
1410 4366 1528 4429 essent,

284 4453 340 4540 qui
361 4456 614 4520 commutatione
636 4458 838 4543 captivorum
858 4458 1009 4522 instituta
1029 4469 1196 4534 nostrates,
1214 4457 1241 4519 si
1256 4455 1313 4542 qui
1327 4468 1528 4541 caperentur,

283 4555 442 4620 servitute
475 4556 657 4619 liberarent.
707 4558 789 4623 Cum
818 4560 922 4646 igitur
943 4558 1134 4645 intelligam,
1158 4557 1349 4621 nostratium
1372 4554 1527 4642 quosdam

284 4655 324 4720 ad
356 4654 503 4720 Nerftam
535 4669 632 4743 etque
660 4656 736 4723 alibi
762 4659 796 4722 in
821 4682 934 4724 manus
956 4658 1086 4723 Illztatis
1109 4672 1221 4723 vestrae
1242 4658 1378 4734 venisse,
1402 4656 1527 4722 confido
