3314 5362
405 454 445 516 96

363 620 470 695 senda,
494 619 671 684 conflictari
694 643 768 684 cum
791 634 948 706 perpetua
969 621 1176 686 consiliorum
1199 623 1441 700 incertitudine,
1465 648 1536 710 qnae
1551 647 1609 688 nos

361 721 527 807 hucusque
561 743 731 806 suspensos
764 721 880 797 tenuit,
908 736 945 785 ut
967 745 1025 786 nec
1047 745 1149 786 causae
1171 723 1335 788 communi
1358 725 1526 800 inservire,
1550 748 1611 788 nec

362 821 456 887 rebus
478 821 595 885 nostris
619 822 801 908 prospicere
824 822 1033 908 potuerimus.

446 922 580 986 Interim
610 945 799 1009 responsum
827 923 910 1009 Regi
933 946 1005 987 meo
1029 947 1046 987 a
1069 924 1150 1008 Regi
1174 924 1285 989 Daniae
1307 924 1462 1000 redditur,
1486 924 1610 988 bonum

362 1024 491 1108 quidem
522 1039 555 1086 et
577 1022 725 1087 amicitiae
748 1024 890 1108 plenum,
913 1046 1025 1089 verum
1048 1023 1242 1101 istiusmodi,
1265 1038 1386 1089 utnon
1409 1026 1453 1089 sit
1474 1026 1609 1090 difficile

358 1123 513 1207 judicare,
542 1138 669 1209 tempus
691 1124 738 1187 rei
760 1125 908 1210 gerendae
932 1124 1035 1188 multo
1059 1140 1133 1189 ante
1156 1125 1301 1212 elapsum
1325 1125 1375 1203 iri,
1399 1149 1496 1212 quam
1519 1128 1610 1213 quic·

362 1246 456 1309 quarn
490 1225 530 1288 de
563 1223 625 1288 hoc
651 1238 741 1289 tanto
767 1224 902 1310 negocio
930 1225 1083 1289 constitui
1107 1226 1217 1311 possit.
1263 1225 1292 1290 S.
1316 1227 1417 1312 igitur
1439 1228 1476 1291 R.
1501 1228 1610 1303 ldztas,

362 1325 455 1388 dznus
489 1347 590 1401 meus,
624 1325 736 1391 videns
768 1325 904 1390 consilia
935 1324 1002 1390 haec
1036 1326 1180 1391 nondum
1207 1340 1433 1403 essentiatum,
1460 1342 1610 1413 precatus

364 1426 444 1511 Regi
478 1426 589 1489 Daniae
621 1439 669 1490 est
700 1427 829 1491 felicem
863 1446 1060 1505 successum3
1095 1441 1240 1513 paratam
1273 1451 1306 1491 se
1334 1429 1372 1492 ad
1396 1428 1514 1505 omnia,
1538 1452 1610 1514 quse

363 1538 437 1589 sunt
460 1526 555 1590 utilia
577 1527 687 1592 amicis
710 1527 937 1603 laborantibus,
959 1528 1028 1591 sore
1052 1528 1133 1613 Regi
1154 1528 1327 1592 Britanniae
1342 1530 1519 1614 respondit,
1535 1552 1608 1594 cum

362 1627 497 1690 consilia
520 1628 691 1691 maturiora
714 1642 810 1714 capta
830 1628 961 1691 fuerint.
1006 1630 1116 1713 Atque
1138 1629 1279 1703 interim,
1302 1630 1378 1693 dum
1399 1630 1608 1708 deliberatur,

362 1752 402 1792 ne
436 1752 542 1792 rerum
569 1742 747 1792 nostrarum
776 1729 957 1792 occasiones
984 1728 1164 1806 elabantur,
1187 1730 1301 1794 statuit
1323 1752 1357 1793 sc
1379 1730 1412 1792 in
1435 1730 1608 1794 Livoniam

363 1829 517 1905 conferre,
550 1844 588 1892 ut
621 1829 671 1893 vel
699 1829 853 1915 transigat
879 1852 952 1892 cum
979 1829 1110 1904 Polon0‚
1134 1831 1254 1915 quoin
1277 1844 1440 1916 posterum
1464 1834 1609 1896 securius

364 1952 457 2016 agere
491 1943 588 2015 queat
617 1952 745 1993 eausam
774 1930 1062 2005 communem,ch
1087 1930 1244 1995 Polonum
1267 1931 1352 1995 bello
1374 1931 1545 2009 destineat,
1567 1956 1608 1996 ne

362 2029 396 2091 in
431 2028 650 2093 'biarchiam'
685 2031 815 2115 impune
849 2030 1035 2117 irrumpere,
1070 2030 1308 2095 disturbaturus
1340 2032 1477 2096 consilia
1509 2033 1609 2119 Regis

364 2130 474 2194 Daniae
504 2154 540 2194 ac
568 2130 753 2217 principum
777 2132 965 2208 Germaniae,
990 2146 1046 2196 aut
1067 2132 1201 2218 Ligistis
1224 2132 1367 2197 subsidio
1390 2134 1502 2197 venire
1523 2157 1608 2197 com·

362 2232 457 2295 mode
490 2246 595 2317 queat,
629 2246 666 2295 ut
699 2232 725 2295 si
759 2232 865 2295 minus
899 2233 1151 2318 oppugnatione,
1185 2235 1298 2297 saltem
1325 2233 1402 2297 belli
1425 2234 1609 2299 diversione

364 2332 434 2395 Rex
458 2355 547 2396 maus
572 2333 690 2396 amicos
709 2333 819 2415 juvet3
843 2333 938 2396 sicuti
962 2334 1156 2397 haecomnia
1179 2357 1220 2397 ox
1236 2333 1395 2397 adiunctis
1410 2335 1607 2398 resolutione

363 2434 497 2518 Spensio
526 2434 600 2497 data
628 2449 661 2497 et
684 2434 929 2498 communicatis
951 2433 1037 2497 inter
1058 2435 1162 2522 Reges
1185 2456 1291 2498 meum
1316 2448 1349 2498 ct
1370 2434 1485 2499 Daniae
1507 2436 1609 2499 literis

362 2532 428 2596 haec
456 2534 562 2596 omnia
585 2535 766 2598 accuratius
790 2534 1003 2622 intelliges¹).

447 2634 542 2698 Noris
574 2648 682 2698 tamen
710 2635 792 2720 Regi
819 2658 901 2712 meo,
934 2636 994 2699 etsi
1017 2635 1153 2699 consilia
1175 2648 1282 2699 nostre
1303 2657 1478 2720 parumper
1499 2635 1540 2698 ob
1562 2636 1608 2699 in·

363 2735 503 2799 sidentia
536 2736 678 2822 quaedam
713 2737 840 2800 turbata
872 2750 956 2811 sunt,
989 2735 1201 2799 nihilominus
1228 2737 1364 2800 eundem
1389 2757 1519 2800 manere
1543 2737 1608 2799 sni·

364 2859 460 2911 mum,
487 2860 552 2900 rem
581 2859 783 2901 communem
808 2838 990 2923 amicosque
1009 2835 1157 2921 juvandi,
1180 2858 1253 2900 cum
1278 2837 1402 2900 occasio
1426 2850 1554 2900 matura
1576 2860 1609 2901 se

364 2936 528 3012 obtulerit,
563 2960 599 3001 ac
633 2938 731 3002 ceteri
761 2939 855 3001 amici
878 2938 909 3001 id
934 2937 1082 3001 consulto
1105 2938 1310 3022 expetierint.
1353 2936 1469 3024 Neque
1494 2960 1537 3012 se,
1556 2939 1607 3022 ju·

364 3052 459 3101 vante
494 3038 573 3115 Deo,
605 3037 766 3103 Polonicis
788 3038 931 3125 negociis
955 3038 1053 3102 altius
1075 3039 1309 3113 intricaturum,
1332 3061 1430 3123 quam
1454 3052 1491 3101 ut
1513 3038 1609 3102 rebus

364 3139 396 3202 id
430 3139 636 3225 exigentibus
670 3152 800 3224 paratus
832 3139 1043 3204 nihilominus
1076 3162 1144 3203 esse
1168 3139 1269 3222 possit
1291 3139 1498 3203 succurrendi
1520 3139 1606 3203 lebo-

363 3240 447 3302 ranti
471 3240 633 3304 communi
657 3261 767 3303 causae.

448 3342 500 3405 Ad
525 3340 680 3404 Polonum
705 3341 790 3425 quod
813 3341 938 3414 attinet,
962 3341 1136 3404 obtinetis
1158 3339 1340 3427 antiquum:
1367 3340 1439 3404 Rex
1461 3354 1495 3404 et
1518 3341 1608 3405 Ordi-

363 3465 420 3505 nes
453 3441 620 3505 colludunt
653 3444 737 3506 inter·
769 3464 813 3517 se,
847 3455 883 3505 ut
910 3465 967 3505 nos
994 3442 1168 3527 decipiant,
1190 3441 1224 3504 in
1247 3440 1386 3504 comitiis
1410 3441 1543 3517 bellum,
1569 3441 1604 3504 sd

363 3543 482 3605 limites
510 3565 620 3628 pacem
644 3556 806 3630 urgentes,
829 3566 888 3607 nec
911 3543 981 3628 quis
1004 3542 1100 3606 facile
1124 3541 1252 3618 dixerit,
1276 3540 1468 3606 simulatene
1491 3542 1606 3615 omnis,

365 3667 405 3707 an
427 3645 596 3729 quicquam
620 3645 702 3708 serio
726 3658 837 3731 agant3
861 3668 955 3708 nemo
977 3656 1085 3708 tamen
1107 3642 1250 3706 omnium
1267 3654 1323 3719 est,
1340 3643 1476 3728 quinon
1493 3658 1606 3707 cuncta

365 3745 404 3808 ad
437 3766 494 3807 nos
526 3744 733 3830 decipiendos
766 3759 800 3810 et
826 3746 980 3831 temporis
1007 3745 1130 3808 luorum
1154 3742 1335 3806 contulerit,
1381 3742 1519 3807 Videbis
1542 3743 1605 3807 haec

364 3868 406 3909 ex
439 3857 527 3931 purte
561 3844 698 3929 quadam
732 3870 749 3909 e
783 3845 884 3909 literis
913 3846 1078 3909 internos
1101 3859 1133 3909 et
1156 3845 1309 3907 Senatum
1333 3843 1525 3907 Polonicum
1548 3844 1604 3907 hac

363 3944 525 4032 praeterita
558 3944 673 4030 hyeme
707 3959 740 4009 et
772 3968 846 4010 vere
873 3944 1172 4027 communicatis⁹);
1196 3957 1322 4008 etcum
1346 3944 1604 4030 prudenterom·

449 4083 469 4146 ¹)
491 4085 540 4133 Om
560 4084 657 4148 Spsns'
675 4084 858 4148 besktckning
875 4100 904 4134 se
922 4086 1004 4134 afran
1024 4084 1075 4134 std.
1095 4086 1126 4132 82
1144 4088 1200 4132 not,
1219 4080 1248 4141 ³).
1267 4108 1299 4117 -
1318 4081 1437 4146 Konang
1455 4083 1605 4133 Christiana

363 4170 426 4219 bret
443 4171 489 4219 ttll
507 4169 606 4218 Gustsf
623 4170 706 4217 Adolt
724 4169 753 4216 st
772 4168 798 4216 d.
818 4172 849 4217 28
868 4168 922 4231 Mai
942 4169 1030 4218 finnes
1049 4169 1056 4216 ἰ
1076 4167 1160 4231 kopta
1177 4170 1188 4216 t
1207 4167 1381 4216 Riksarktret
1395 4166 1482 4215 bland
1496 4168 1604 4225 usuros,

364 4254 429 4303 Brst
445 4255 490 4303 till
509 4253 577 4301 Koa.
595 4252 686 4302 Johnn
704 4257 756 4301 eto.
773 4252 846 4303 ifrtn
865 4252 935 4301 Kon.
954 4254 1041 4303 Fridr.
1060 4253 1088 4302 11
1106 4252 1159 4301 och
1172 4251 1272 4301 Christ.
1284 4250 1321 4299 lV
1336 4252 1504 4300 1572-1632
1517 4251 1603 4300 samtt

364 4337 466 4385 lattnsk
486 4336 690 4398 direrstttntng
707 4337 801 4399 tryckt
819 4337 868 4386 hos
887 4337 1006 4396 Moser,
1024 4338 1101 4385 Patr.
1115 4335 1342 4396 Arsasavtud.
1353 4338 1380 4392 83
1400 4336 1502 4385 Gustus
1512 4333 1604 4384 Adolts

364 4435 427 4469 srar
453 4421 482 4469 at
509 4421 534 4468 d,
559 4423 590 4468 10
612 4419 678 4469 sunt
698 4421 784 4469 finoes
803 4422 811 4468 i
830 4421 952 4484 koncept
969 4421 999 4470 at
1016 4421 1145 4470 kanslern
1165 4420 1250 4469 bland
1269 4420 1375 4468 deunes
1393 4419 1547 4483 koncepter
1562 4416 1602 4466 till

365 4504 462 4568 Kangl.
485 4505 550 4554 Bret
570 4504 693 4563 (Oxeust.
713 4503 800 4562 siunt.)
819 4511 891 4554 samt
908 4507 918 4553 1
937 4505 1020 4568 kopta
1039 4504 1047 4552 t
1066 4504 1108 4553 Sv.
1127 4506 1232 4567 registr.
1253 4506 1317 4552 loto
1335 4504 1384 4553 tol.
1404 4508 1454 4553 318
1473 4504 1524 4553 och
1541 4503 1550 4551 i
1567 4503 1602 4549 la·

364 4588 440 4639 tinsk
457 4589 661 4650 btrersttttnlng
679 4588 728 4636 hos
747 4589 867 4648 Moser,
886 4590 961 4638 Patr.
981 4589 1094 4649 Aratis,
1113 4589 1158 4647 VI,
1177 4588 1226 4637 sid.
1248 4591 1286 4635 tt.

448 4668 468 4731 ²)
488 4672 520 4721 Se
540 4675 623 4721 afran
642 4672 692 4721 Nzo
711 4675 740 4718 tl
761 4671 812 4720 och
831 4677 862 4720 tt
882 4678 953 4722 samt
971 4673 1060 4723 aedan
1079 4672 1129 4721 Nm
1147 4676 1187 4719 49.
