3314 5362
346 629 467 692 tsnuiae
500 628 602 694 veluti
636 629 732 693 nimie
765 650 912 692 onerosas
946 641 979 692 et
1005 651 1118 715 graves
1145 627 1261 713 rejicit,
1289 627 1372 692 nihil
1396 651 1429 693 ae
1452 628 1603 714 amplius

349 731 516 794 adseverat
542 728 686 795 conferre
711 752 812 816 posse,
835 752 931 816 quam
955 744 1104 816 sumptus
1126 728 1159 792 in
1182 730 1271 793 mille
1294 730 1420 815 equites
1443 744 1477 796 et
1499 731 1605 807 6,000

348 906 424 967 prius
442 904 596 963 consillum,
614 909 643 953 et
661 902 728 967 pati,
747 907 777 950 ut
795 904 933 951 exercitus
951 903 1200 952 confederatorum
1215 903 1366 962 dividatur,
1381 909 1409 953 et
1426 904 1519 954 media
1533 918 1604 966 pars

347 989 374 1035 fl.
393 987 423 1036 R.
443 988 502 1037 Mai
520 988 549 1037 in
567 1002 676 1037 manum
695 987 830 1036 tradatur.

434 1072 461 1121 Sl
486 1074 581 1135 ltaque
606 1073 785 1121 constitutum
805 1084 839 1118 ex
857 1071 933 1120 hisee
951 1071 1079 1133 partibus
1097 1070 1205 1120 hostem
1224 1071 1327 1121 adoriri
1345 1071 1450 1134 duplici
1468 1074 1604 1121 exercitu

347 1157 399 1206 sub
427 1156 511 1205 ductu
539 1158 563 1205 S.
591 1156 619 1204 R.
647 1156 721 1204 Mztle
748 1159 778 1204 et
800 1155 882 1216 Regis
901 1155 1205 1215 Daniae,necesseest,
1224 1160 1354 1218 utquam
1373 1158 1490 1219 primum
1509 1157 1604 1219 legati

348 1241 402 1290 huc
429 1242 576 1290 mittantur
602 1254 663 1288 cum
691 1239 774 1301 plena
796 1243 933 1302 potestate
956 1238 1132 1288 deliberandi
1150 1244 1179 1288 et
1197 1239 1336 1289 statuendi
1355 1239 1390 1287 do
1408 1241 1492 1288 rebus
1511 1243 1605 1289 omui·

349 1325 412 1374 bus:
440 1325 567 1387 inprimis
595 1323 630 1372 de
656 1323 760 1373 iaedere
786 1326 855 1386 ipso,
879 1322 913 1371 de
935 1325 1074 1372 exercitus
1092 1323 1247 1387 stipendiis,
1266 1324 1300 1372 ds
1319 1323 1400 1373 modo
1420 1337 1452 1372 ao
1469 1325 1518 1372 vla
1537 1338 1604 1387 pro·

348 1408 501 1470 grediendi,
527 1414 586 1457 turn
614 1408 648 1456 de
676 1413 758 1470 portu
781 1420 814 1456 ae
840 1407 910 1465 loco,
933 1407 980 1455 ubl
998 1408 1141 1469 appellere
1160 1408 1328 1471 militemque
1348 1422 1487 1470 exponere
1506 1415 1538 1457 et
1555 1423 1604 1457 res

349 1492 518 1541 necessarias
537 1491 686 1541 adservare
703 1496 839 1554 oportent,
858 1496 887 1540 st
904 1506 957 1554 quo
975 1505 1004 1539 se
1024 1494 1169 1551 exercitus,
1187 1494 1212 1541 sl
1228 1505 1272 1541 rea
1291 1507 1346 1541 uon
1364 1494 1469 1555 optime
1483 1492 1604 1551 cadant,

350 1576 469 1639 recipiet
492 1590 525 1625 ac
547 1578 670 1640 reparari
689 1580 786 1638 queat;
804 1589 906 1638 eosque
925 1575 1032 1638 legatos
1050 1574 1096 1625 hlc
1114 1588 1175 1625 esse
1192 1580 1303 1639 oportet
1321 1576 1357 1625 ad
1375 1575 1448 1625 dlem
1468 1578 1603 1626 ultimum

349 1660 427 1710 lunii
444 1662 606 1723 proximum,
625 1662 649 1709 sl
667 1660 734 1722 qaid
752 1659 806 1709 hoc
824 1674 896 1708 anno
915 1673 965 1723 pro
984 1674 1014 1708 re
1033 1661 1170 1709 commnnl
1188 1659 1291 1723 suscipi
1310 1673 1342 1708 ao
1360 1659 1464 1709 tentari
1483 1660 1603 1710 debeat.

434 1746 459 1794 8.
487 1744 598 1808 quidem
626 1745 655 1793 R.
680 1744 759 1793 littae
782 1744 937 1793 maturandi
960 1745 1070 1806 negocii
1089 1758 1180 1804 cauae,
1198 1758 1231 1793 ao
1249 1758 1285 1792 ne
1303 1745 1371 1807 quid
1389 1747 1432 1794 vel
1451 1759 1536 1793 morae
1556 1746 1605 1794 rel

349 1829 437 1892 culpe
464 1830 492 1877 la
520 1843 549 1878 se
575 1829 706 1887 resideat,
733 1843 805 1877 nunc
832 1829 986 1891 evestigio
1007 1828 1124 1877 militem
1143 1842 1229 1886 suum,
1247 1829 1311 1877 binc
1331 1827 1395 1877 lude
1413 1842 1463 1891 per
1482 1843 1605 1891 regnum

350 1914 512 1976 dispersum,
531 1914 645 1976 colliget
662 1919 746 1975 atque
764 1911 914 1961 exercitum
932 1912 1077 1969 iormabit3
1096 1916 1127 1960 ut
1141 1925 1200 1961 cnm
1214 1912 1248 1960 de
1262 1917 1415 1962 ceterorum
1429 1913 1606 1963 confedera-

349 2002 438 2046 torum
467 1999 607 2046 voluntate
630 1996 795 2055 constiterIt,
818 1999 877 2046 elne
896 2011 973 2045 mora
991 1997 1121 2059 progredi
1140 2011 1173 2045 ac
1190 1996 1296 2045 hostem
1315 2001 1491 2047 antevertere
1511 1997 1607 2060 possit

350 2081 470 2145 propriis
496 2083 553 2130 suls
579 2081 693 2143 viribus,
720 2082 809 2130 donec
835 2083 920 2144 coplas
947 2082 1083 2130 sociorum
1111 2083 1266 2143 sumptibus
1289 2082 1413 2130 collectas
1437 2081 1605 2140 adveniant,

348 2167 554 2228 exercltumque
585 2164 619 2212 ad
649 2164 752 2228 justam
780 2170 809 2213 et
836 2164 983 2214 destinatis
1010 2166 1113 2214 nostris
1140 2166 1349 2214 convenientem
1378 2165 1605 2228 magnitudinem

350 2250 515 2312 adaugeant.

435 2334 472 2383 Ut
497 2348 561 2383 vero
586 2338 615 2383 et
637 2334 778 2383 Celeitudo
797 2335 884 2397 lpslus
903 2341 988 2396 atque
1006 2333 1055 2383 alli
1074 2333 1186 2382 videant
1206 2329 1232 2381 S.
1252 2332 1280 2380 R.
1300 2333 1393 2382 liztsm
1412 2334 1506 2382 studio
1526 2336 1605 2383 omui

349 2417 379 2466 id
399 2432 490 2480 agere,
509 2432 562 2481 quo
581 2417 692 2480 juvetur
709 2424 739 2466 et
757 2422 930 2467 sustentetur
948 2431 991 2467 rea
1010 2420 1170 2475 communis,
1189 2431 1279 2480 neque
1297 2431 1409 2467 onerum
1429 2417 1605 2480 ponderibus

352 2501 440 2551 ceteri
467 2502 683 2558 absterreantur,
706 2502 731 2548 S.
754 2501 784 2550 R.
804 2502 892 2559 littae,
911 2516 1010 2564 magna
1029 2517 1077 2566 spe
1095 2505 1124 2552 lu
1143 2502 1266 2551 exercitu
1285 2501 1365 2564 Regis
1385 2501 1481 2550 Daniae
1501 2502 1606 2551 consti·

350 2590 422 2645 tuta,
448 2587 529 2635 initio
556 2586 667 2648 quidem
695 2601 751 2635 non
777 2592 892 2648 expetet
910 2601 926 2634 a
949 2587 1032 2635 sociis
1050 2587 1106 2635 suis
1124 2589 1239 2636 maiorer
1258 2586 1360 2649 copias,
1379 2600 1461 2648 quam
1482 2590 1513 2633 10
1533 2589 1605 2647 regi·

352 2675 447 2718 menta
473 2671 596 2732 peditum
624 2673 653 2718 et
677 2672 751 2727 &000
775 2672 911 2733 equitum
931 2671 957 2718 ln
977 2685 1038 2733 quse
1056 2695 1089 2704 -
1107 2672 1130 2719 sl
1149 2671 1421 2719 subministraverlut
1439 2671 1507 2719 socii
1527 2670 1553 2718 S.
1573 2670 1603 2719 R.

350 2753 411 2802 Mal
437 2756 467 2802 in
490 2760 663 2802 antecessum
687 2759 810 2816 sumptus
829 2755 1050 2818 conscriptionis,
1067 2760 1124 2804 tum
1143 2753 1280 2803 trimestre
1298 2753 1478 2817 stipendium,
1497 2755 1603 2803 deinde

351 2852 427 2887 arma
454 2844 502 2886 aut
529 2838 625 2886 horum
648 2838 709 2886 loco
729 2838 820 2901 quarti
840 2840 940 2887 mensis
959 2837 1135 2901 stipendium,
1153 2852 1237 2901 seque
1255 2838 1468 2895 obstrinxeriut,
1486 2837 1603 2887 solutio·

350 2936 413 2971 nem
440 2923 574 2985 stipendii
601 2924 698 2984 quovis
725 2922 856 2985 deinceps
878 2936 969 2972 mense
992 2928 1118 2985 paratam
1136 2923 1196 2972 iore
1214 2936 1247 2971 ac
1265 2921 1397 2972 traditum
1416 2922 1460 2982 lrl,
1478 2921 1602 2984 denique

350 3010 382 3055 ut
399 3008 534 3055 exercitui
554 3007 701 3055 seeundum
721 3008 841 3055 locorum
862 3006 1053 3056 condicionem
1072 3005 1256 3070 prospiciatur
1274 3006 1308 3055 de
1326 3008 1403 3056 victu
1422 3020 1456 3055 uc
1474 3021 1602 3056 necessa·

349 3089 398 3139 rlls
420 3116 453 3125 -
470 3091 494 3139 S.
518 3090 547 3139 R.
571 3091 650 3139 llztas
674 3090 806 3153 adiunget
823 3094 894 3139 vires
914 3104 1007 3139 omnes
1025 3104 1097 3147 suas,
1116 3105 1184 3153 quas
1202 3091 1261 3139 sine
1280 3091 1402 3153 periculo
1421 3093 1500 3153 regni
1518 3090 1601 3139 huius

349 3188 449 3234 cogere
476 3189 508 3223 ac
533 3177 574 3223 uti
595 3174 708 3236 poterit,
725 3175 887 3237 reliquaque
906 3188 991 3223 onera
1009 3174 1052 3223 vel
1071 3178 1268 3224 tormentorum
1287 3175 1459 3234 bellicorum,
1478 3175 1523 3223 vel
1541 3174 1600 3238 pul·

350 3259 422 3307 ueris
449 3259 528 3320 pyrli,
554 3259 697 3321 globorum
725 3262 773 3307 aut
795 3260 1039 3307 instrumentorum
1062 3259 1223 3308 bellicorum
1242 3261 1271 3307 ln
1290 3272 1319 3308 se
1338 3258 1479 3320 suscipiet,
1499 3258 1600 3317 donec,

348 3355 428 3403 quern
447 3355 622 3403 progressum
641 3347 723 3405 cepta
740 3342 873 3401 babeant,
892 3356 941 3389 usu
960 3358 992 3391 ac
1011 3347 1135 3405 tempore
1154 3346 1292 3405 cognitum
1310 3343 1405 3391 inerit.

434 3424 574 3474 Celsitudo
594 3426 688 3489 itaque
706 3425 791 3489 ipsius
811 3426 861 3475 det
878 3439 997 3488 operam,
1016 3431 1047 3476 ut
1064 3428 1183 3490 pecunia
1200 3440 1250 3489 pro
1266 3427 1364 3475 militis
1381 3426 1599 3489 conscriptione,

348 3509 471 3558 eiusdem
500 3509 639 3573 stipendio
666 3510 801 3560 trimestri
828 3519 857 3559 et
885 3513 966 3559 armis
988 3511 1042 3573 iam
1065 3514 1165 3574 parata
1182 3512 1227 3570 sit,
1246 3524 1278 3559 ao
1295 3510 1425 3559 tradatur
1443 3509 1562 3559 habenti
1581 3524 1597 3557 a

347 3593 373 3641 s,
401 3593 430 3641 R.
458 3595 522 3643 Mtte
549 3599 716 3657 potestatem
737 3593 795 3642 slrs
817 3594 1029 3643 Amstelrodami
1052 3597 1080 3644 in
1104 3596 1204 3653 Banco,
1223 3596 1280 3643 slve
1299 3594 1460 3657 Hamburgi,
1479 3593 1596 3643 Lubecae

348 3682 397 3725 aut
415 3677 444 3725 in
464 3679 572 3737 riclnia,
589 3692 624 3726 ne
644 3677 710 3740 quid
729 3677 795 3726 inde
813 3692 894 3726 morte
913 3678 965 3726 toti
983 3681 1100 3739 negocio
1113 3679 1262 3728 inliciatur,
1289 3678 1411 3740 Cumque
1424 3678 1484 3727 Rex
1496 3676 1596 3727 Gallia

347 3760 514 3810 mediocrem
541 3776 671 3810 summam
694 3762 813 3824 pecunia
835 3763 994 3825 promiserit
1011 3776 1040 3810 se
1060 3764 1222 3811 collaturum
1242 3776 1332 3810 mense
1350 3761 1402 3810 hoo
1420 3767 1451 3810 et
1468 3761 1561 3819 Junlo,
1579 3776 1595 3809 e

345 3858 376 3894 rs
404 3844 522 3905 videtur,
549 3850 580 3893 ut
608 3845 750 3894 celsitudo
776 3845 862 3909 ipsius
890 3849 1049 3909 promissum
1072 3847 1122 3897 hoc
1145 3846 1225 3909 Regis
1244 3845 1340 3894 Gallia
1358 3851 1464 3895 certum
1484 3846 1594 3899 reddat.

347 3930 535 3992 perficiatque,
563 3935 593 3978 ut
620 3929 668 3979 illa
695 3932 820 3992 pecunlae
844 3944 948 3979 summa
970 3935 1046 3980 recte
1068 3931 1092 3979 S.
1112 3931 1139 3980 R.
1159 3931 1218 3980 Mai
1238 3930 1340 3979 tradita
1358 3930 1528 3992 tempestive
1544 3933 1592 3979 im·

346 4013 433 4076 pendi
452 4015 549 4076 possit.

432 4098 515 4146 Hisce
542 4099 702 4147 constitutis
725 4098 874 4147 videndum
898 4099 1032 4161 eritque
1052 4099 1149 4147 itinere
1167 4098 1192 4146 S.
1212 4097 1240 4145 R.
1260 4097 1339 4146 ihtes
1358 4099 1385 4146 ln
1405 4098 1515 4148 hostem
1533 4112 1591 4162 pro·

345 4181 425 4244 gredi
452 4182 561 4231 debeat.
607 4182 729 4239 Quatuor
756 4187 849 4230 autem
876 4180 977 4230 itinera
1000 4187 1072 4237 sunt,
1095 4197 1155 4244 qua
1173 4182 1278 4231 cadunt
1298 4183 1329 4230 in
1347 4182 1591 4233 deliberationem:

346 4279 428 4312 unum
453 4266 488 4314 ad
511 4265 647 4329 Viaurgim
671 4279 722 4328 per
746 4265 942 4328 Westpballem
962 4267 990 4314 iu
1010 4268 1137 4315 Hsaslam
1155 4272 1184 4316 et
1202 4264 1401 4323 Palatinarum,
1420 4268 1537 4316 alterum
1554 4269 1591 4315 ad

345 4348 437 4398 Albim
465 4364 515 4411 per
541 4350 689 4399 saxoniam
716 4350 745 4397 ln
767 4350 938 4408 Bohemlam;
962 4352 1073 4399 tertium
1092 4350 1128 4398 ad
1146 4350 1265 4399 Oderaru
1283 4363 1334 4412 per
1350 4349 1539 4400 Pomeraniam
1557 4365 1590 4400 ao

346 4432 493 4482 biarchiam
513 4435 543 4483 in
562 4434 700 4491 Silesiam3
719 4438 846 4497 quartum
865 4448 915 4497 per
927 4434 1088 4483 Cussublsm
1102 4439 1130 4483 et
1143 4434 1283 4483 Poloularu
1297 4434 1333 4481 ad
1346 4433 1449 4483 limites
1463 4435 1589 4484 llarchiae

345 4522 375 4565 et
401 4516 568 4566 Pomeranlse
595 4519 678 4567 etlam
707 4519 735 4566 lu
762 4518 895 4567 Silesiam.
939 4518 1034 4568 Priora
1057 4519 1111 4567 duo
1132 4519 1238 4582 longius
1257 4517 1370 4580 quidem
1389 4517 1536 4567 discedunt
1552 4518 1587 4566 ab

345 4600 425 4650 hosts
451 4601 531 4650 huius
556 4602 632 4665 regni
662 4602 774 4662 Peloro,
797 4616 829 4650 ac
851 4607 916 4650 sunt
933 4602 999 4666 Regi
1018 4604 1113 4652 Daniae
1131 4602 1324 4653 commodiora.
1360 4601 1516 4651 Posteriora
1534 4601 1586 4650 duo

344 4689 374 4734 et
394 4687 577 4735 concitabunt
594 4693 623 4736 et
640 4686 785 4750 pellicient
805 4686 935 4736 Polonum
955 4687 1100 4736 adversum
1119 4688 1143 4736 Β.
1162 4688 1191 4735 R.
1211 4686 1284 4736 Mztls
1300 4691 1394 4750 oepta;
1414 4701 1469 4737 non
1486 4687 1587 4735 abster-
