3212 5352
289 622 444 689 existimo
476 634 584 689 autem
618 646 722 710 operae
754 624 894 710 pretium
926 644 995 690 esse
1028 645 1075 701 ea,
1107 646 1179 710 quae
1211 623 1272 689 tibi
1299 625 1429 689 notiora
1456 637 1560 701 sunt,

289 722 404 790 multis
426 724 596 789 declarare.
640 724 720 811 Egit
742 725 803 790 hoc
824 724 983 812 inprimis,
1006 735 1042 789 ut
1063 735 1113 789 est
1134 724 1185 790 vir
1205 724 1394 803 industrius,
1411 747 1557 790 summo

290 825 398 890 studio
431 847 467 890 sc
499 824 543 903 vi,
577 836 616 889 ut
647 824 678 890 S.
706 825 744 890 R.
772 826 876 904 Mztes,
906 826 1000 891 dznus
1026 847 1127 905 meus,
1150 826 1293 912 legatum
1315 826 1466 892 mitteret
1489 838 1560 891 aut

289 925 488 1014 Ruthgersio
514 936 709 1013 potestatem
735 926 857 991 feceret
882 927 922 993 de
945 927 1061 993 faedere
1083 927 1249 992 communi
1272 948 1309 991 ac
1330 925 1556 993 restitutione

288 1050 396 1093 rerum
424 1049 498 1091 cum
525 1036 712 1093 ceterorum
739 1049 853 1115 regum
876 1041 910 1093 et
932 1026 1115 1115 principum
1137 1026 1253 1115 legatis
1276 1027 1377 1113 finge
1400 1025 1557 1091 Comitis

288 1126 469 1207 statuendi3
502 1127 590 1193 idem
623 1140 661 1193 ut
692 1128 813 1193 faceret
845 1128 916 1192 Rex
948 1126 1070 1205 Dauiae,
1097 1127 1183 1193 hunc
1209 1149 1398 1213 persuasum
1421 1126 1554 1193 aiebat.

289 1228 361 1295 Etsi
396 1251 471 1294 vero
504 1228 535 1293 S.
562 1229 600 1293 R.
629 1229 724 1293 Mztas
755 1250 790 1294 se
816 1228 938 1294 resilire
967 1227 1181 1315 apropositis
1203 1227 1452 1293 condicionibus
1474 1251 1554 1293 nou

289 1350 382 1417 posse
405 1330 588 1396 ostenderet
609 1328 748 1415 ideoque
772 1351 835 1392 non
858 1327 993 1405 videret,
1015 1328 1070 1393 cui
1093 1328 1178 1393 bono
1199 1328 1261 1393 ista
1282 1327 1404 1416 legatio
1427 1328 1553 1397 future

288 1442 382 1510 esset,
414 1442 452 1494 ut
485 1453 519 1495 se
546 1442 655 1496 tamen
677 1429 792 1494 ceteris
815 1429 1080 1507 accommodaret,
1103 1452 1186 1495 neve
1208 1428 1287 1516 quid
1308 1429 1553 1516 impedimenti

288 1543 353 1596 tsm
384 1530 517 1596 salutari
544 1529 681 1618 negocio
703 1530 830 1596 efferret
852 1528 997 1596 absentie
1018 1551 1146 1595 suorum
1170 1529 1345 1606 hominum,
1368 1532 1554 1597 consensit

288 1631 427 1708 tandem,
461 1644 558 1719 etque
587 1633 655 1716 jam
688 1630 883 1719 Ruthgersio
917 1643 1111 1716 potestatem
1143 1630 1178 1695 in
1206 1630 1404 1715 amplissima
1431 1631 1552 1697 forma

287 1754 360 1797 cum
391 1731 488 1816 justis
517 1730 676 1797 mandatis
697 1732 897 1798 transmittit.
941 1732 973 1798 Is
995 1733 1034 1796 de
1057 1731 1205 1797 omnibus
1226 1743 1333 1796 tecum
1355 1733 1551 1797 commuui-

287 1854 359 1898 csrs
382 1834 492 1918 jussus
519 1845 569 1897 est
595 1845 636 1910 et,
666 1855 741 1896 cum
763 1855 827 1897 uon
849 1834 892 1897 sit
913 1833 1084 1921 integrum·
1098 1832 1132 1897 in
1154 1831 1265 1897 castris
1287 1832 1442 1910 versanti,
1466 1846 1549 1899 acta

287 1933 397 1998 omnis
429 1933 609 1999 describere
639 1934 765 2019 sepius,
792 1948 828 1998 ut
855 1933 1052 2021 exemplaria
1073 1933 1202 2013 habeas,
1227 1933 1345 2021 poteris
1367 1956 1410 1997 ex
1433 1934 1550 2020 ipsius

287 2033 454 2122 originalis
479 2033 619 2099 lectione
642 2034 751 2098 omnia
773 2033 954 2099 accuratius
976 2035 1063 2122 apud
1085 2034 1224 2099 eundem
1246 2055 1443 2121 cognoscere
1454 2035 1495 2118 ¹).

373 2134 499 2200 Vellem
522 2135 560 2199 ed
583 2135 691 2199 literas
715 2148 795 2211 tuas,
811 2134 901 2199 datas
916 2134 969 2200 die
986 2185 993 2199 .
1011 2186 1017 2199 .
1035 2185 1042 2199 .
1060 2183 1082 2213 .,
1098 2158 1184 2199 nuuc
1199 2135 1330 2199 demum
1346 2134 1547 2221 redditas2),

284 2235 469 2314 rescribere,
493 2235 548 2300 sed
571 2234 648 2321 quie
669 2246 788 2300 statum
811 2258 917 2300 rerum
940 2236 1083 2300 maxims
1104 2236 1155 2301 sui
1178 2248 1267 2321 perte
1290 2233 1351 2300 tibi
1366 2235 1541 2302 delineari

284 2336 485 2422 consiliaque
508 2348 618 2400 nostra
639 2336 778 2422 exposui
800 2336 904 2401 literis
926 2335 1017 2412 meis,
1038 2336 1122 2401 datis
1142 2337 1177 2400 in
1192 2336 1304 2401 castris
1319 2336 1359 2401 sd
1375 2335 1541 2425 lleggum

284 2437 337 2502 die
359 2439 390 2503 5.
412 2442 511 2523 Aug,
533 2459 599 2500 non
622 2449 702 2521 puto
724 2437 990 2523 operaepretium
1013 2459 1082 2502 esse
1104 2439 1216 2503 eedem
1236 2436 1352 2525 saepius
1372 2450 1541 2523 repetere.

284 2538 381 2602 Nunc
403 2537 550 2602 adiiciam
574 2558 621 2613 ea,
644 2559 714 2622 quae
736 2538 942 2622 postmodum
965 2537 1018 2602 hic
1042 2550 1113 2602 acte
1135 2549 1218 2604 sunt.

369 2637 541 2724 Occupatis
557 2636 778 2716 Kskenhusio,
793 2636 976 2724 Selsburgo,
992 2638 1157 2716 Bersonio,
1174 2637 1214 2703 de
1230 2638 1348 2724 quibua
1363 2636 1399 2702 in
1416 2639 1541 2725 priori·

284 2738 343 2804 bus
377 2738 456 2803 meis
490 2739 688 2803 mentionem
720 2736 796 2814 feci,
829 2739 963 2802 accessit
997 2761 1125 2826 quoque
1158 2738 1337 2803 Peibalium
1364 2752 1399 2804 et
1422 2740 1541 2806 Rune·

283 2839 421 2927 burgum
455 2852 489 2905 et
522 2838 661 2926 denique
691 2839 880 2924 Derpatum,
903 2852 940 2903 ut
963 2839 1071 2926 spacio
1093 2841 1227 2904 duorum
1251 2840 1410 2905 mensium
1435 2840 1467 2907 S.
1494 2843 1539 2908 R.

282 2940 378 3005 Mztss
400 2939 501 3005 totius
523 2940 624 3005 ferme
646 2939 801 3017 Livonioe,
825 2953 964 3026 excepto
986 2963 1051 3005 uno
1075 2940 1216 3005 alterove
1239 2939 1369 3004 castello
1390 2941 1431 3006 ad
1448 2943 1536 3008 Rus·

280 3041 364 3107 sicos
397 3041 529 3118 limites,
562 3041 648 3128 quod
678 3041 767 3105 brevi
790 3062 953 3127 speramus
976 3041 1009 3104 in
1031 3052 1224 3127 potestatem
1247 3053 1386 3106 nostram
1411 3057 1538 3108 ventu·

280 3166 361 3220 rum,
383 3142 488 3229 potita
511 3142 563 3206 sit.
610 3142 817 3229 Perspectum
839 3164 967 3227 quoque
990 3140 1121 3219 habens,
1144 3141 1178 3205 ni
1200 3140 1374 3206 Litbrania
1394 3143 1533 3209 infesta·

280 3257 377 3321 retur,
411 3256 445 3308 et
477 3242 569 3307 sedes
604 3242 681 3305 belli
713 3242 747 3305 in
780 3241 837 3306 illa
869 3242 1093 3320 collocaretur,
1123 3241 1260 3306 Polonos
1283 3264 1399 3330 susque
1422 3244 1536 3332 deque

279 3344 444 3409 habituros
478 3343 659 3421 Livoniam,
694 3365 789 3429 quum
823 3355 978 3407 vastatam
1012 3344 1201 3428 cultoreque
1235 3342 1378 3407 orbatam
1411 3346 1533 3431 praedae

279 3457 503 3533 exposuerunt
536 3467 571 3510 sc
605 3444 696 3529 quasi
729 3466 785 3530 pro
819 3443 973 3508 derelicta
1000 3443 1190 3521 habueruut,
1213 3443 1287 3507 ideo
1311 3443 1341 3507 S.
1366 3444 1404 3508 R.
1428 3445 1532 3509 Metus

278 3569 353 3611 cum
381 3544 528 3609 exercitu
554 3544 642 3609 illam
669 3545 813 3631 ingressa
834 3557 898 3625 est;
925 3568 1064 3631 cumque
1087 3567 1121 3608 se
1145 3545 1248 3630 primo
1270 3544 1342 3609 loco
1365 3544 1424 3609 vix
1447 3545 1530 3609 duo·

277 3645 337 3710 bus
375 3645 565 3710 milliaribus
599 3669 617 3709 a
649 3646 807 3710 limitibus
841 3644 1042 3710 Curlundicis
1076 3645 1254 3709 obiicerent
1287 3644 1397 3722 Birzae,
1431 3645 1529 3710 ducis

277 3745 451 3811 Radaivilii
484 3746 585 3824 sedes,
619 3746 679 3810 etsi
708 3746 738 3809 S.
766 3747 803 3811 R.
833 3748 928 3811 Mztas
950 3745 1033 3810 nihil
1055 3746 1135 3811 fecit
1156 3745 1343 3822 illibentius‚
1367 3769 1463 3832 quem
1488 3762 1526 3811 ut

275 3847 335 3925 illi,
370 3869 465 3934 quem
496 3869 558 3932 prae
585 3847 708 3912 caeteris
734 3847 865 3911 Polonis
887 3846 1122 3933 Lithvanisque
1145 3861 1325 3923 veneratur,
1348 3849 1528 3934 quicquum

275 3950 411 4013 inferret
432 3948 629 4025 detrimenti,
652 3948 680 4012 is
703 3963 809 4014 tamen
832 3961 881 4013 est
902 3949 984 4013 situs
1006 3948 1080 4026 loci,
1097 3961 1134 4012 ut
1149 3947 1295 4034 nuspiam
1311 3947 1521 4012 Lithvnniem

359 4086 379 4149 ¹)
398 4088 447 4137 Om
468 4088 643 4151 Vosbergens
661 4088 844 4152 beaklckning
861 4102 890 4137 se
910 4088 993 4137 ofvan
1012 4088 1062 4138 ald.
1084 4090 1131 4137 158
1150 4091 1200 4137 not
1219 4084 1247 4147 ¹).
1281 4085 1457 4136 Fullmakten
1478 4086 1527 4134 for

274 4171 390 4236 Butgers
415 4173 468 4222 her
494 4172 520 4236 ej
548 4172 656 4221 kunnat
683 4172 829 4229 aunulfum
857 4175 900 4221 att
922 4172 976 4222 den
995 4174 1070 4223 sarit
1088 4172 1206 4222 effettad
1224 4173 1234 4221 l
1253 4174 1329 4234 Aug,
1348 4170 1435 4220 shnru
1452 4175 1521 4219 utsu

275 4255 380 4316 datum,
406 4258 457 4307 och
486 4261 529 4306 att
555 4257 608 4305 deu
632 4256 778 4317 samtldlgt
799 4256 861 4304 med
879 4257 958 4306 detta
975 4257 1039 4305 bret
1056 4256 1175 4305 anlstndt
1193 4256 1238 4305 tul
1258 4254 1335 4316 Hasg
1353 4255 1424 4303 forst
1442 4253 1467 4302 d.
1488 4256 1520 4300 19

275 4337 348 4400 ott,
375 4339 399 4388 d.
427 4355 453 4389 r.
479 4355 500 4390 s.
528 4346 571 4391 tre
594 4340 680 4405 dagar
702 4341 774 4389 efter
796 4339 919 4403 Rutgers'
942 4341 1007 4399 dod,
1025 4344 1098 4389 sumt
1116 4338 1152 4387 dt
1170 4340 1271 4388 brutlts
1291 4338 1319 4386 ai
1338 4338 1520 4397 Camerarius,

272 4422 394 4486 lramgdr
420 4424 450 4472 at
471 4425 575 4474 denues
598 4425 662 4474 brel
683 4426 728 4474 tlll
746 4424 876 4474 kenelern
896 4424 925 4473 al
942 4425 968 4473 d.
987 4422 1019 4487 ἢ
1039 4423 1102 4472 Okt.
1121 4423 1171 4472 och
1192 4423 1218 4471 d.
1237 4426 1251 4469 7
1270 4421 1337 4470 Nor.
1355 4435 1380 4470 a.
1400 4424 1433 4470 rt.
1453 4422 1518 4467 luto

272 4504 396 4569 (tryckta
422 4508 471 4557 hos
498 4509 746 4572 Schybergaon,
774 4510 896 4571 Scers'qes
916 4524 938 4557 0.
962 4507 1099 4557 Hellands
1117 4507 1186 4572 dipl.
1201 4506 1284 4569 st‘rb,
1303 4505 1355 4554 sid.
1375 4507 1523 4565 alt—saa,

271 4604 301 4641 se
320 4590 404 4641 sttrsk.
424 4591 475 4641 ald.
494 4595 541 4641 816
561 4608 585 4642 n.
605 4593 672 4653 ιιι).

357 4670 378 4735 ²)
397 4674 494 4738 thon
514 4676 675 4740 antydnlng,
694 4676 789 4725 hvilka
808 4676 888 4726 desse
906 4677 986 4735 varlt,
1006 4676 1093 4726 finnes
1111 4674 1145 4739 ej.
