3290 5360
1250 401 1310 467 719

102 569 232 645 herceo,
260 591 320 633 nec
342 567 523 653 expositam
547 581 580 631 et
602 567 662 631 boc
685 566 794 632 seculo
816 566 915 630 militi
937 567 1029 654 quasi
1050 588 1233 631 concessam
1253 566 1355 632 licen·

102 671 186 735 tiam
212 670 347 757 impune
373 668 509 756 grassari
531 668 700 754 permitto;
723 666 815 754 sique
837 667 962 745 liberet,
985 667 1136 733 auderem
1158 667 1246 733 facts
1267 691 1352 733 com·

103 771 283 858 paratione,
317 770 415 837 stium
448 769 618 837 dictitente
648 768 847 832 conscientia
868 782 985 842 vestra,
1007 769 1191 847 contestari,
1214 768 1352 833 militem

102 884 253 935 nostrum
264 870 470 936 innocentius
482 870 514 933 in
527 869 663 947 hostico,
674 891 770 956 quam
781 868 949 955 plerosque
960 868 1041 933 alios
1050 869 1137 933 domi
1148 892 1212 933 suae
1221 869 1354 934 versari.

103 971 162 1036 Ab
195 972 353 1037 incendiis
385 969 610 1046 abstinuimus,
644 970 707 1033 nisi
740 969 767 1034 si
796 991 875 1055 quas
901 969 984 1035 aedes
1010 969 1063 1035 vel
1087 992 1177 1034 casus
1199 970 1356 1036 fortuitus

104 1072 332 1157 absumpserit,
370 1071 422 1136 vel
460 1070 646 1157 exemplum
679 1071 886 1134 statuendum
919 1070 1027 1135 fuerit.
1083 1070 1355 1157 Depraedationes,

104 1186 201 1237 sueta
232 1171 392 1237 bellorum
426 1171 511 1235 mala
543 1194 603 1235 nec
636 1184 749 1235 vestrae
783 1170 873 1257 genti
906 1170 1048 1247 insolita,
1079 1194 1268 1255 precavere,
1291 1172 1353 1236 nisi

104 1273 225 1337 fomite
249 1273 413 1350 restincto,
436 1295 500 1336 non
523 1294 703 1359 possumus.
748 1271 864 1336 Cetera
886 1270 1015 1349 scelera,
1036 1272 1062 1336 si
1083 1295 1153 1357 quae
1169 1272 1354 1337 clanculum

106 1373 289 1451 commissa,
311 1397 416 1461 neque
438 1373 646 1460 probavimus
669 1394 820 1459 unquam,
844 1386 877 1437 et
899 1373 925 1437 si
942 1386 1030 1437 certo
1047 1386 1206 1438 constaret
1221 1374 1356 1451 factum,

107 1473 263 1539 acerrime
296 1474 491 1539 vindicaturi
525 1495 675 1538 essemus.
731 1472 858 1537 Bellum
883 1471 1035 1559 gerimus,
1062 1472 1096 1536 in
1118 1474 1204 1559 quod
1228 1473 1355 1539 Sacram

108 1575 248 1662 Regiam
286 1575 487 1659 lllajestatem
525 1574 691 1638 dominum
730 1596 837 1638 meum
874 1586 1054 1659 temporum
1089 1596 1125 1637 ae
1158 1575 1208 1638 sui
1242 1576 1355 1639 tuendi

106 1675 286 1740 necessitas
308 1674 459 1760 conjecit,
482 1697 520 1739 es
542 1687 651 1738 tamen
673 1674 858 1737 innocentio
879 1696 915 1737 ac
939 1673 1168 1752 moderatione,
1190 1689 1227 1739 ut
1243 1698 1358 1739 manus

108 1776 345 1863 propemodum
379 1796 397 1839 a
430 1776 598 1862 sanguine,
632 1775 694 1838 nisi
727 1776 753 1840 si
781 1775 852 1861 quis
879 1789 1019 1840 armatus
1046 1774 1079 1838 in
1102 1776 1170 1838 acie
1194 1776 1357 1853 ceciderit,

107 1877 262 1943 innoxios
298 1875 483 1941 babeamus.
537 1875 657 1941 Insulae
693 1890 805 1941 vestrm
842 1874 961 1940 Minori
998 1898 1034 1939 ac
1071 1874 1164 1963 pagis
1197 1877 1356 1963 parcitum

109 1977 268 2042 hactenus
291 2000 309 2041 s
331 1977 424 2040 nobis
447 1991 505 2053 est,
529 1987 799 2062 prospectumque
823 1975 924 2040 literis
945 1975 1161 2040 immunitatis
1180 1979 1270 2054 meis,
1290 2001 1356 2041 uon

109 2078 199 2166 quod
215 2078 370 2164 promisse
385 2076 601 2163 prestiterint.
617 2090 674 2141 sut
688 2089 856 2142 teneamur
870 2077 1003 2164 (saepius
1018 2078 1103 2141 enim
1120 2101 1178 2141 nos
1190 2079 1359 2164 decepere,

108 2201 220 2264 neque
244 2178 413 2265 quisquam
441 2177 510 2242 fere
532 2192 592 2253 est,
616 2192 753 2263 excepto
775 2200 841 2240 uno
864 2178 1016 2253 alterove,
1039 2178 1095 2263 qui
1118 2178 1358 2261 satisfecerit).

110 2280 171 2344 sed
200 2281 287 2365 quod
314 2279 397 2343 hunc
418 2279 653 2343 humanitatem
676 2292 817 2341 nostram
842 2277 987 2364 agnitum
1012 2300 1070 2341 suo
1092 2277 1163 2341 loeo
1185 2279 1225 2342 iri
1248 2280 1360 2343 existi·

110 2403 283 2445 moremus.
327 2379 450 2443 Verum
474 2403 548 2443 cum
569 2377 618 2442 hae
641 2377 721 2442 mihi
744 2393 851 2466 grates
874 2378 1061 2453 referantur,
1077 2400 1141 2441 non
1157 2378 1363 2445 mirabuntur

111 2480 360 2546 Dominstiones
390 2492 512 2555 vestrae,
546 2480 573 2544 si
605 2479 806 2565 inposterum
834 2481 909 2544 dcta
931 2478 1109 2555 occasione,
1133 2502 1213 2566 quos
1236 2494 1359 2567 tempo·

110 2604 186 2646 rum
214 2603 280 2645 sors
306 2581 398 2645 nobis
425 2581 533 2645 hostes
560 2602 628 2645 esse
655 2578 806 2658 voluerit,
829 2580 926 2644 etiam
951 2579 1111 2645 hostiliter
1133 2594 1166 2645 et
1188 2579 1227 2644 ad
1251 2603 1361 2644 exem·

112 2681 205 2767 plum
240 2682 413 2768 grassantis
447 2704 529 2745 anno
561 2679 677 2745 abhinc
703 2679 850 2744 Polonici
874 2679 1036 2746 exereitus
1060 2680 1237 2767 militisque
1260 2682 1361 2747 vestri

111 2782 148 2847 in
173 2782 282 2845 Insula
304 2781 559 2868 Marieburgensi
581 2781 836 2845 tractaverimus.

202 2881 251 2946 De
285 2881 507 2947 Sternsehildli
533 2881 673 2945 hominis
700 2881 846 2946 defuncti
869 2882 1035 2957 cadavere,
1059 2905 1098 2945 an
1122 2896 1206 2947 esset
1227 2881 1362 2947 redden·

113 2984 205 3060 dum,
239 3006 303 3047 non
336 2983 490 3070 putabam
517 2982 601 3046 inter
627 2982 782 3047 humanas
805 2995 918 3068 gentes
941 2982 1039 3067 longo
1060 2981 1292 3048 deliberatione
1314 2983 1364 3046 in·

114 3084 240 3172 digere.
284 3083 317 3148 Si
339 3083 439 3147 fuerit
460 3083 634 3159 redditum,
656 3082 689 3146 id
713 3084 810 3147 officii
832 3106 896 3147 non
919 3082 1015 3146 inviti
1031 3104 1241 3168 agnoscemus
1257 3083 1363 3160 abiis,

114 3185 150 3249 in
184 3207 322 3270 quorum
356 3198 405 3249 est
437 3196 611 3272 potestate3
645 3184 693 3246 sin
716 3183 815 3247 suerit
837 3184 1043 3270 denegatum,
1066 3206 1231 3269 nunquam
1254 3197 1362 3249 tamen

115 3286 221 3350 deerit
244 3285 312 3349 viro
334 3284 410 3349 forti
433 3285 608 3371 sepultura,
632 3283 834 3370 sufficiatque
856 3283 905 3347 illi
930 3307 1004 3347 suos
1023 3283 1061 3347 od
1078 3284 1163 3347 idem
1179 3284 1362 3348 audendum

115 3386 221 3451 nobili
244 3386 395 3472 exemplo
417 3384 577 3463 incitasse,
601 3399 634 3449 et
655 3385 774 3448 furnum
799 3384 1047 3470 memoriamque
1063 3384 1193 3448 virtutis
1208 3384 1364 3448 honestae·

117 3511 182 3575 que
216 3487 327 3551 mortis
360 3500 482 3573 gratam
517 3485 704 3550 concivibus
737 3484 802 3549 suis
831 3509 867 3549 ae
891 3485 1072 3571 posteritati
1095 3484 1166 3549 loco
1190 3485 1364 3571 sepulture

117 3588 298 3675 reliquisse.
341 3587 475 3651 Interim
499 3588 577 3674 quid
599 3587 850 3673 exspectandum
872 3585 963 3649 nobis
984 3587 1036 3661 sit,
1052 3585 1079 3649 si
1095 3586 1363 3663 intellexerimus,

117 3688 263 3753 habituri
286 3711 395 3752 sumus
418 3688 515 3753 officii
538 3689 620 3766 loco,
643 3710 764 3773 vosque
787 3687 858 3751 Deo
880 3685 1153 3750 commendamus.
1197 3688 1367 3752 Debentur

118 3789 270 3877 Elbingae
292 3788 345 3853 die
368 3792 387 3852 2
410 3788 598 3854 Decembris
621 3792 683 3852 Azo
707 3788 798 3851 1627.

206 3911 318 3962 axelius
337 3912 530 3972 Oxenstlerns,
547 3916 596 3959 etc.

982 3971 1120 4035 Axelius

981 4070 1195 4137 Oxenstierns
1216 4093 1281 4156 mp.

211 4215 385 4278 Utaaskrs’st:
414 4215 574 4263 ›Nobilibus
601 4220 685 4276 atque
710 4212 892 4275 amplissimis
911 4210 1035 4260 Dominis
1054 4209 1281 4270 Proeconsullbus,
1300 4208 1369 4258 Cou-

120 4301 230 4353 sulibus
247 4306 276 4350 et
294 4301 410 4350 Senatui
428 4300 555 4349 Civitatis
573 4298 769 4348 Gedanensis.›

208 4401 334 4463 original
361 4401 425 4449 med
452 4399 526 4461 siglil
552 4398 605 4447 och
632 4397 807 4459 egenhindIg
834 4395 1006 4445 underskriit
1031 4394 1040 4443 l
1065 4395 1183 4457 Dansigs
1202 4393 1368 4443 stadsarklr.

120 4486 321 4551 Bgsnhendtgs
337 4484 461 4548 konoept
478 4485 488 4532 i
507 4481 724 4532 Oxenstlernska
742 4481 902 4542 ssmlingen.

646 4666 847 4675 -ι--ι--ι
