3212 5352
1203 465 1264 531 189

65 629 185 696 stiudet
220 629 374 695 ddreffter
405 637 458 694 mi
491 630 622 697 slutedh
655 630 785 710 verdha,
813 628 1061 718 disputarandes
1086 631 1173 698 dedh
1195 631 1308 721 hogdt,

65 752 124 795 som
154 729 198 795 de
227 730 324 819 hogss
351 730 448 796 lune.
497 731 573 797 Men
596 732 653 796 dtr
674 731 799 820 nighot
819 731 1026 798 fdrsndrsdes
1047 732 1082 796 in
1104 732 1306 811 formalibus,

66 989 174 1038 iacimus
204 988 341 1038 universis
371 990 400 1038 et
426 987 551 1052 singulis,
578 1001 692 1052 quorum
720 986 837 1039 interest
863 993 912 1038 sut
938 988 1073 1039 interesse
1101 988 1310 1053 quomodolibet

66 1076 161 1135 potest:

142 1157 212 1206 (lum
239 1168 311 1205 curae
334 1157 509 1219 munerisque
532 1157 622 1206 nostrl
640 1154 860 1206 commissorlalis
879 1169 939 1207 esse
958 1156 1188 1219 iutelligeremus,
1206 1161 1309 1207 conatu

67 1238 134 1290 omni
159 1243 289 1290 avertere
316 1254 348 1290 ao
371 1238 470 1289 sistere
493 1240 606 1290 humani
629 1240 771 1304 sanguinis
788 1239 960 1300 effusionem,
978 1254 1030 1290 nec
1047 1241 1157 1290 modum
1176 1240 1309 1305 reperire·

66 1338 118 1374 nus
143 1323 282 1389 aptiorem
310 1324 467 1374 tractandas
490 1324 553 1387 paci
575 1329 603 1374 et
625 1324 825 1388 tranquillitati
842 1324 915 1375 inter
932 1324 1020 1387 Reges
1039 1329 1068 1376 et
1085 1325 1179 1389 Begna
1196 1323 1310 1385 Sueciss,

67 1406 181 1458 Polonise
209 1422 243 1457 ac
270 1408 402 1471 Magnum
430 1408 563 1457 [iocatum
591 1406 753 1469 Lithsanier,
779 1422 862 1472 quam
886 1410 910 1458 si
928 1406 1003 1459 arms
1020 1408 1256 1472 suspenderentur
1274 1409 1310 1458 sd

69 1497 165 1541 certum
193 1497 313 1556 tempus,
341 1493 474 1541 tractatui
500 1493 578 1556 pacis
606 1491 853 1553 accommodatum,
879 1505 933 1556 qno
960 1506 1022 1541 cum
1043 1492 1211 1542 serenissimi
1229 1492 1310 1557 Regis

69 1576 200 1641 ilegnlqne
219 1575 342 1626 Poloniae
360 1580 390 1625 et
407 1575 501 1639 Magni
518 1576 642 1626 Duostns
659 1574 814 1625 Ltthsanise
833 1575 1037 1635 commissoriis,
1056 1576 1218 1637 illustribus,
1237 1590 1312 1638 mag·

69 1661 149 1711 silicis
167 1665 200 1710 et
218 1659 362 1723 generosis
381 1659 452 1709 druis
469 1659 577 1709 Adamo
595 1659 770 1709 Kossobucki
789 1663 841 1710 etc.
859 1659 891 1709 N.
910 1659 952 1720 N,
970 1663 1069 1723 pacate
1087 1660 1218 1724 congredi
1235 1659 1309 1710 etde

71 1744 259 1794 controversiis
286 1748 409 1794 statuere
437 1744 545 1804 liceret,
571 1757 604 1793 eo
632 1743 754 1793 deducta
780 1757 824 1793 res
845 1747 897 1804 est,
920 1749 951 1793 ut
974 1746 1154 1794 cessationem
1174 1744 1209 1793 ab
1227 1745 1311 1794 armis

69 1834 154 1879 nntuo
174 1829 428 1893 utriusquepartis
448 1828 565 1877 adsensu
584 1828 744 1877 iniserimus
762 1831 791 1877 et
808 1829 1033 1877 constituerimus
1052 1828 1081 1878 in
1099 1828 1214 1892 primum
1234 1827 1310 1878 iunii

71 1913 135 1975 stylo
151 1911 242 1962 reteri
262 1913 329 1962 anni
347 1912 490 1976 sequentis
510 1913 583 1971 1⁶26,
601 1912 645 1961 his
664 1912 843 1974 sequentibus
861 1911 1080 1962 conditionibus:

146 2001 196 2045 lto.
231 1994 356 2046 Inducise
375 1997 449 2045 inter
467 2009 515 2044 uos
534 1999 616 2045 erunt
633 2000 786 2060 sancteque
804 1997 990 2046 amabuntur
1007 2000 1082 2046 terra
1100 1996 1225 2060 marique
1238 1995 1312 2046 iuter

10 2064 11 2093 ³
72 2079 232 2144 principales
259 2084 369 2130 nostros
394 2079 543 2143 Regnaque
566 2080 671 2129 sueciae
693 2084 721 2129 et
742 2079 862 2130 Polonioe
880 2079 1064 2143 Magnumque
1082 2079 1217 2130 Ducatnm
1236 2080 1312 2129 Lith-

10 2172 11 2223 j
73 2162 150 2211 sanis
175 2166 307 2227 interque
333 2163 500 2228 provincias,
527 2168 621 2212 castra
645 2168 674 2213 et
696 2162 831 2222 subditos,
854 2162 978 2227 utrisque
997 2163 1173 2223 adherentes,
1191 2166 1221 2213 lu
1239 2165 1311 2213 diem

73 2249 180 2309 primum
201 2247 280 2298 ‚iunii
303 2250 370 2297 anni
390 2250 454 2296 162⁶
473 2246 546 2309 stylo
563 2249 660 2297 veteri.
696 2246 939 2311 Promittlmnsqua
958 2246 983 2296 S.
1002 2246 1031 2295 B.
1051 2247 1142 2296 hiztem
1162 2247 1310 2297 Gustsvum

74 2330 219 2395 idelphum
247 2336 311 2392 stc,
331 2331 422 2380 dznum
445 2335 570 2380 nostrum
590 2330 842 2392 clementissimum,
859 2331 987 2380 inducias
1005 2331 1097 2391 hasce,
1116 2345 1132 2379 a
1150 2332 1231 2381 nobis
1249 2347 1311 2396 pro·

75 2416 161 2465 ninas
188 2420 217 2465 et
245 2416 422 2476 constitutas,
448 2419 546 2465 sancte
572 2420 602 2464 et
627 2415 755 2478 religiose
777 2419 948 2465 servaturum
971 2430 1056 2478 usque
1075 2413 1112 2463 ad
1132 2416 1236 2465 exitum
1255 2415 1312 2465 diei

76 2501 230 2563 praecripti

150 2586 198 2634 220.
234 2583 267 2632 In
294 2582 347 2631 hac
374 2595 510 2631 murorum
538 2583 694 2633 cessatione
717 2588 819 2633 cuncta
838 2582 992 2632 monebunt
1009 2582 1038 2629 in
1057 2595 1089 2631 eo
1108 2585 1192 2644 statu,
1209 2584 1240 2633 in
1258 2597 1312 2647 quo

75 2680 139 2716 sanc
163 2672 236 2727 sunt,
263 2670 293 2715 et
319 2679 380 2729 quse
407 2665 541 2716 alterutra
562 2681 626 2730 pars
644 2681 718 2716 nunc
736 2666 870 2730 possidet,
888 2681 922 2716 ea
940 2666 1045 2731 absque
1064 2668 1178 2717 alterius
1195 2667 1312 2732 impedi·

77 2755 169 2813 nenio,
193 2751 314 2812 iniuriis,
335 2749 549 2811 incursionibus,
570 2752 675 2815 apertis
697 2752 740 2801 vel
759 2751 941 2800 clandestinis
959 2751 1149 2800 molitionibus
1167 2752 1262 2815 qniete
1281 2764 1314 2801 ac

79 2835 181 2895 pseltiee
207 2834 319 2884 tenebit
341 2837 371 2883 et
388 2833 552 2897 possidebit.
588 2834 711 2898 Oumque
728 2835 852 2884 illustres
871 2834 928 2884 dmi
946 2835 1128 2885 commissarii
1145 2834 1226 2899 Regis
1244 2836 1314 2898 lisg-

81 2916 152 2982 nique
172 2919 294 2969 Polonise
312 2922 342 2968 et
358 2917 452 2980 Magni
471 2918 594 2968 Dncstns
611 2918 766 2968 Lithvanise
783 2919 960 2983 promiserint
978 2923 1083 2969 ettam
1102 2919 1215 2983 publico
1233 2919 1313 2983 Regis

82 3015 109 3051 ae
125 3003 300 3068 Reipubliese,
323 3016 406 3065 quem
428 3001 598 3065 privatorum
619 3016 652 3052 sc
670 3003 797 3067 inprimis
814 3002 992 3053 illustrissimi
1011 3002 1145 3067 principis
1162 3003 1317 3053 Radslwilli

82 3091 106 3134 et
127 3088 249 3148 aliorum,
276 3099 392 3149 qnorum
418 3087 544 3145 interest,
570 3087 680 3136 nomine
706 3087 916 3152 spoponderint,
942 3087 1006 3136 illos
1028 3086 1099 3136 nihil
1117 3087 1219 3136 hostile
1237 3088 1314 3137 dicto

82 3169 240 3220 induciarum
264 3174 389 3232 tempore
412 3182 462 3233 par
479 3184 508 3219 se
527 3174 576 3220 aut
594 3183 644 3233 per
661 3170 732 3221 alios
750 3175 926 3234 suscepturos
944 3177 993 3219 snt
1010 3172 1164 3232 molituros,
1182 3172 1253 3220 clam
1271 3172 1316 3221 rel

84 3259 174 3316 sparte,
201 3255 334 3305 adversus
360 3254 518 3317 presidium
543 3253 681 3304 Suetloum
705 3260 859 3305 castrumve
877 3256 967 3318 ipsum
984 3255 1122 3303 Birsarum
1142 3259 1190 3304 aut
1207 3257 1316 3319 reliqua

83 3343 162 3388 suus
185 3344 236 3388 aut
260 3330 418 3398 territoria,
439 3351 499 3400 quse
526 3352 600 3388 nnnc
625 3343 758 3389 tenentur
784 3338 920 3402 praesidiis
942 3338 1060 3389 baeticis
1083 3342 1112 3388 et
1135 3340 1225 3389 literis
1244 3353 1315 3389 com·

83 3421 256 3472 niseariorum
283 3423 365 3486 Regis
391 3422 534 3485 Reganue
561 3423 682 3472 Poloniae
709 3428 738 3472 et
761 3424 856 3485 hisgni
873 3422 997 3472 Ducatus
1014 3421 1170 3472 Lithvanise
1188 3428 1252 3472 sunt
1270 3436 1315 3472 ex·

83 3518 183 3567 pteram
210 3507 317 3556 idcirco
344 3506 528 3570 promittimus
556 3512 585 3555 et
611 3507 777 3570 spondemus
804 3508 914 3556 nomine
937 3510 967 3554 et
988 3506 1120 3555 mandato
1139 3506 1164 3555 S.
1183 3506 1213 3555 B.
1232 3506 1316 3567 litiis,

84 3588 131 3638 dmi
147 3591 241 3652 nostri,
264 3590 338 3653 quod
357 3590 382 3639 S.
402 3591 487 3654 ipsius
505 3591 535 3639 R.
554 3590 634 3639 hiztss
652 3605 739 3653 usque
757 3590 792 3639 sd
812 3591 885 3640 diem
904 3591 1095 3654 praescriptum
1114 3590 1220 3640 nullam
1239 3590 1316 3640 belii·

84 3684 134 3721 eam
157 3679 240 3738 atqua
267 3675 399 3725 hostilem
419 3675 638 3737 impressionem,
660 3675 704 3723 val
723 3680 848 3738 apertam
865 3674 909 3723 rel
927 3676 1074 3735 occultam,
1091 3679 1168 3725 terra
1185 3676 1229 3725 vel
1248 3673 1317 3723 mari

84 3761 169 3807 sonim
183 3759 308 3822 Regnum
326 3759 448 3808 Poloniss
466 3759 648 3822 hisgnurnque
661 3760 796 3808 Ducatum
809 3758 965 3808 Lithvanise
979 3772 1098 3809 necnon
1112 3757 1233 3808 Livonise
1246 3759 1317 3817 loos,

84 3854 135 3903 qua
151 3844 180 3892 in
196 3842 286 3906 Regni
305 3842 426 3893 Poloniss
443 3856 525 3892 mann
544 3856 577 3892 ac
595 3842 768 3906 possessione
787 3844 949 3904 consistunt,
968 3849 1137 3907 ceterasque
1149 3842 1317 3907 provincias,

85 3936 159 3987 troes,
184 3929 325 3987 civitates,
348 3931 452 3991 portus,
476 3926 603 3976 subditos
627 3927 671 3976 sel
689 3942 723 3977 ex
740 3926 887 3977 territoriis
906 3941 938 3976 ac
956 3926 1090 3990 portubus
1109 3927 1194 3990 Regni
1213 3924 1317 3975 Suculae

84 4006 218 4074 lisgnique
238 4012 362 4060 Duostns
380 4010 536 4060 Finlsndlsa
555 4014 584 4059 et
602 4012 717 4060 aliarum
736 4011 941 4074 provinciarum
959 4012 1002 4059 vel
1022 4010 1134 4060 aliunde
1146 4010 1256 4059 iactura
1268 4010 1317 4067 slt3

85 4097 109 4140 et
130 4096 152 4143 si
175 4096 236 4159 quie
260 4094 434 4145 concitanda
452 4095 565 4144 aliunde
585 4100 683 4144 contra
700 4095 821 4158 Regnum
840 4093 960 4144 Polonise
978 4095 1161 4158 Magnumque
1179 4093 1316 4142 Ducatum

85 4173 226 4228 Lithrsuise
245 4192 279 4227 ao
296 4178 366 4227 alias
385 4178 542 4241 provincias
554 4179 720 4229 hostilitatis
733 4182 884 4243 apparatus
896 4179 1043 4227 institutus
1055 4177 1183 4236 fueritis
1196 4177 1317 4226 durante

85 4257 130 4310 hac
145 4275 278 4313 armorum
296 4264 476 4325 suspensione
495 4263 624 4313 similiter
640 4263 821 4313 inhibebItur.

159 4351 207 4397 tto.
246 4346 434 4397 Promittimns
460 4361 569 4411 quoque
596 4351 625 4397 et
647 4347 823 4410 spondemus,
845 4347 870 4396 S.
889 4346 919 4394 R.
938 4345 1031 4396 hittem
1049 4347 1141 4396 dznnm
1160 4349 1318 4394 nostrume

86 4431 190 4497 vestigio
216 4431 315 4496 bisque
341 4430 459 4481 induciis
483 4431 600 4480 firmatis
622 4432 776 4481 exercitum
794 4445 870 4480 sunm
889 4445 904 4479 e
922 4429 1072 4479 thhvanla
1091 4429 1261 4488 educi-nram,
1279 4443 1320 4479 re·

86 4511 143 4564 licto
160 4515 331 4567 solummodo
349 4516 506 4565 necessario
525 4515 654 4578 praesidlo
671 4515 801 4575 Birssusi,
821 4527 910 4577 neque
929 4528 963 4563 ex
981 4527 1014 4563 eo
1029 4514 1073 4563 die
1086 4528 1173 4579 usque
1186 4514 1222 4563 sd
1235 4527 1319 4577 stepe-

87 4594 179 4649 dictum
206 4601 325 4665 primurn
356 4599 429 4649 diem
455 4599 532 4649 iunii
559 4599 707 4662 quicquam
735 4600 901 4649 hostilitatis
927 4598 1046 4648 subditis
1074 4597 1167 4662 hiagnl
1195 4599 1318 4648 Duostns

87 4676 227 4734 lithuanire
245 4686 395 4734 illaturam
