3298 5346
333 388 394 452 502

291 555 380 619 enim
402 554 470 621 haee
493 557 596 644 magis
618 558 796 644 perspicua,
819 581 915 644 quarn
939 572 976 622 ut
997 557 1152 622 illustrari
1174 570 1368 635 mereantur,
1384 571 1419 623 ct
1432 558 1537 622 maior

291 679 397 721 rerum
419 658 600 721 futurarum
622 659 852 745 prospicientia
873 671 938 737 tua,
961 681 1055 746 quam
1079 672 1115 723 ut
1137 660 1267 746 suggeri
1289 658 1438 724 debeant.
1473 658 1538 723 Ita·

288 779 354 843 que
388 756 476 822 hisee
511 758 660 824 omnibus
695 759 935 824 accuratissimo
953 759 1079 844 judicio
1101 773 1158 824 tuo
1179 758 1359 824 commissis
1381 757 1416 822 id
1438 759 1537 823 unice

289 857 430 944 requiro,
463 872 500 922 ut
533 859 726 945 Amplitudo
759 874 825 937 tua,
851 861 952 925 suetis
987 861 1130 925 consiliis
1152 860 1314 937 insistens,
1336 860 1538 947 reliquorum

291 958 397 1022 studia
430 971 462 1022 et
496 959 617 1023 animos
652 961 834 1025 moderetur
866 976 900 1026 et
933 963 1086 1026 accendat
1119 961 1158 1026 ad
1186 984 1232 1039 ea,
1256 985 1325 1047 quae
1347 982 1538 1026 conservare

291 1058 561 1144 tranquillitatem
595 1074 629 1125 et
660 1060 829 1125 commoda
856 1062 1039 1126 eommunia
1060 1075 1190 1148 queant,
1213 1062 1401 1148 dictumque
1424 1063 1538 1125 dmum

292 1159 459 1224 Sadlerum
482 1161 640 1226 benevole
663 1161 809 1226 habitum
831 1162 941 1226 foveat
964 1176 1090 1226 etcum
1114 1162 1198 1226 bono
1219 1185 1372 1249 responso
1387 1162 1539 1249 expediri

291 1260 399 1338 faciat,
423 1274 518 1348 atque
541 1263 581 1327 de
604 1286 655 1328 me
677 1263 723 1326 sic
745 1263 920 1341 existimet,
944 1286 994 1327 me
1017 1286 1080 1327 non
1103 1263 1208 1327 solum
1230 1286 1349 1328 caussa
1371 1264 1539 1328 communi

292 1359 501 1427 vehementer
533 1376 566 1428 et
592 1364 713 1427 sineere
741 1363 897 1440 deditum,
931 1364 986 1428 sed
1010 1363 1185 1450 Amplitzni
1207 1377 1271 1428 tuae
1293 1364 1419 1428 eunetis
1442 1364 1540 1429 bene·

292 1461 443 1526 velentiae
477 1463 590 1528 officiis
624 1465 787 1528 addictum
820 1487 898 1529 esse.
954 1465 1054 1529 Hisce
1077 1465 1184 1529 Deum
1206 1488 1328 1553 precor,
1351 1478 1387 1528 ut
1410 1464 1541 1550 Ampli-

292 1562 439 1627 tudinem
462 1580 550 1629 tuam
573 1564 693 1629 salvam
717 1588 754 1629 ae
775 1564 970 1630 ineolumem
993 1581 1171 1631 conservet.
1216 1565 1385 1631 Dabuntur
1406 1577 1469 1630 etc.

291 1704 294 1805 ζ
378 1736 467 1800 Kopla
485 1738 494 1785 i
513 1737 544 1785 Κ.
564 1736 751 1788 Btatssrlrlvet
767 1740 778 1787 l
795 1739 975 1803 Ko'nigsberg,
994 1740 1084 1804 Ostpr.
1120 1740 1177 1790 ror.
1196 1743 1278 1789 828a.

294 2226 369 2280 288.
413 2225 484 2281 ¹1¹ill
505 2226 610 2283 nsvin
633 2241 697 2284 von
719 2229 799 2285 dem
821 2229 1036 2288 Knssebealn
1079 2229 1207 2298 nrbmg
1228 2229 1263 2285 d.
1286 2231 1325 2285 31
1339 2229 1436 2285 Mars
1450 2229 1541 2285 1627.

293 2439 341 2489 Orn
370 2441 590 2504 anlednlngarna
616 2441 729 2492 hvsrror
755 2446 784 2492 A.
813 2445 844 2494 0.
864 2445 935 2495 mest
953 2445 1035 2509 bryts
1053 2445 1095 2493 sin
1114 2445 1229 2507 tystnad
1246 2443 1297 2494 och
1316 2443 1425 2492 afftrda
1443 2443 1541 2493 Sadlar

376 2523 425 2586 (jn
444 2525 494 2574 Nzo
513 2528 670 2583 tte-tw:
688 2527 738 2576 hos
755 2528 916 2578 kurlursten
933 2530 1022 2577 skulle
1041 2529 1131 2577 denne
1149 2528 1219 2590 yrka
1236 2528 1272 2591 pl
1284 2527 1353 2577 hans
1366 2528 1539 2577 bekrattelse

377 2606 395 2655 a
419 2611 621 2659 neutralltsten
648 2613 698 2660 och
727 2611 789 2662 desa
813 2613 1011 2663 utstraekande
1029 2613 1074 2662 t111
1092 2612 1156 2661 hela
1173 2611 1367 2674 hertigddmet,
1386 2610 1439 2659 och
1457 2611 1539 2661 anbe-

377 2692 460 2741 lalles
482 2694 551 2743 hans
568 2695 631 2743 vtrl
649 2696 693 2745 tlll
712 2697 792 2745 basta
810 2697 963 2746 understdd
982 2698 1011 2745 al
1029 2695 1202 2755 Knesabeck,
1220 2709 1277 2745 som
1296 2699 1364 2743 ntsn
1382 2695 1483 2744 tsifvel
1499 2696 1540 2744 ln·

378 2774 451 2839 saga,
477 2777 547 2826 hura
574 2779 627 2827 den
654 2782 832 2844 evangeltska
853 2781 939 2831 sakan
958 2786 1026 2829 utsn
1045 2779 1158 2843 snlghst
1175 2778 1262 2828 bland
1280 2778 1344 2827 deas
1361 2778 1540 2828 ttersttcnds

376 2860 481 2910 lurstsr
510 2862 600 2912 skulle
619 2864 627 2912 i
645 2864 735 2927 grand
753 2865 917 2920 lbrderlvss,
937 2865 989 2914 ooh
1008 2864 1152 2923 Preussen,
1170 2861 1216 2910 vid
1234 2875 1268 2911 sn
1289 2861 1421 2926 brytning
1439 2864 1540 2913 mellan

380 2943 492 3006 Sverlge
504 2947 556 2996 och
576 2946 744 3008 kurfursten,
762 2949 851 2999 blltsa
869 2948 1107 3011 krlgssktdeplats
1125 2947 1169 2995 ldr
1187 2946 1320 2997 ssenskar
1332 2948 1384 2997 oeh
1397 2946 1541 3010 polaolrsr.

378 3028 428 3078 Om
455 3032 578 3080 tinterna
605 3031 805 3095 krigsrdrslser,
824 3046 858 3082 en
876 3033 976 3083 svensk
995 3045 1074 3096 aeger
1091 3031 1138 3081 vld
1158 3029 1331 3094 Ohrlstburg;
1350 3030 1463 3095 Putzlgs
1481 3032 1541 3081 tall.

642 3228 814 3315 Magnifice
837 3242 871 3294 et
893 3229 1018 3293 Nobilis
1042 3227 1188 3302 Domine,

750 3331 850 3394 amice
872 3330 1078 3395 observande.

382 3478 646 3564 Significaversm
680 3481 892 3545 anterioribus
925 3481 1005 3545 meis
1027 3481 1118 3544 brevi
1140 3481 1179 3544 ad
1203 3501 1259 3543 vos
1282 3478 1477 3564 scripturum
1500 3476 1541 3541 de

297 3578 431 3654 cunetis,
465 3601 534 3665 quse
566 3578 600 3643 in
634 3581 778 3645 absentia
799 3583 905 3646 serzmi
928 3581 1086 3646 Electoris
1109 3579 1232 3643 domini
1253 3577 1302 3643 tui
1325 3579 1541 3665 contigerant,

296 3678 517 3767 movendoque
540 3681 620 3745 mihi
643 3682 871 3766 viderentur1).
909 3682 1030 3747 Verum
1054 3694 1178 3746 mutata
1193 3680 1353 3745 sententia
1367 3679 1541 3743 subsistere

296 3778 484 3866 aliquandiu
518 3783 598 3846 mihi
621 3782 724 3847 visum
747 3798 811 3863 est;
834 3806 919 3848 eram
943 3784 1028 3848 enim
1051 3804 1184 3847 ursanus
1207 3780 1486 3845 confirmationem
1509 3793 1543 3843 et

298 3881 336 3945 ad
370 3881 511 3968 reliquos
545 3883 680 3949 Ordines
714 3885 869 3949 Berussiae
896 3884 1118 3949 extensionem
1142 3881 1359 3947 neutralitatis
1381 3902 1457 3945 eum
1481 3880 1543 3943 Re·

297 3983 515 4070 giomontanis
537 3984 636 4058 initae,
658 3986 755 4071 idque
779 3984 912 4069 speciali
931 3986 1023 4069 jussu
1047 3984 1077 4048 S.
1101 3984 1139 4048 R.
1156 3984 1244 4048 Mztis
1259 3980 1382 4046 domini
1399 3981 1463 4044 mei
1480 3980 1543 4044 cle·

297 4084 497 4161 mantissimi,
521 4099 553 4149 at
575 4108 649 4150 eum
674 4085 809 4149 Ordines
831 4085 949 4149 iterum
971 4084 1159 4148 convenisse
1181 4082 1397 4169 intelligerem
1421 4079 1543 4146 delibe-

296 4198 422 4251 raturos
455 4202 488 4251 et
518 4188 557 4252 de
581 4185 639 4250 hac
662 4185 758 4251 etde
781 4187 852 4250 aliis
874 4186 970 4249 saluti
994 4184 1151 4249 Berussiae
1173 4183 1370 4259 necessariis,
1394 4181 1543 4245 consulto

297 4288 437 4354 abstinui
471 4289 559 4354 omni
591 4287 891 4363 communicatione,
926 4309 989 4371 quo
1013 4285 1226 4371 tranquillitas
1249 4283 1380 4370 publiea
1403 4280 1544 4368 propriis

298 4391 491 4456 serenissimi
525 4390 682 4456 Electoris
715 4388 830 4454 studiis
863 4411 899 4454 se
932 4386 1104 4451 liberrimis
1138 4386 1292 4450 Ordinum
1326 4384 1411 4448 votis
1433 4383 1546 4471 potius

297 4533 454 4541 ’,ι-...-
468 4534 498 4539 ..-

381 4614 402 4679 1)
419 4617 464 4668 Jrr
482 4616 563 4667 efran
582 4617 633 4665 Nm
652 4618 709 4665 257.
