3244 5334
335 416 398 478 314

294 582 360 646 rint
386 582 420 646 in
443 604 476 646 se
500 582 639 668 plurima
660 581 849 669 dignissima
871 582 955 647 scitu
979 597 1097 658 nostru,
1121 606 1157 646 ac
1179 582 1369 646 facultatem
1391 582 1540 646 dederint

294 682 428 747 consilia
455 681 635 747 vicinorum
664 683 806 768 penitius
829 682 1022 768 inspiciendi
1046 696 1216 768 nostraque
1239 683 1343 747 tutius
1364 682 1539 769 dirigendi,

294 782 521 868 acceptissima
543 782 574 846 S.
596 783 633 848 R.
656 783 727 847 Mzti
743 784 817 847 d:u0
834 806 906 847 meo
922 784 1170 847 clementissimo
1186 785 1328 849 fuerunt.
1344 806 1380 846 ae
1395 783 1538 847 studium

294 897 436 946 vestrum
469 906 673 970 summopere
707 884 882 948 laudatum.
931 883 1028 947 Haud
1055 883 1205 970 equidem
1232 906 1418 970 responsum
1447 906 1538 947 ame

294 996 343 1046 est
366 984 436 1070 pari
459 983 640 1071 diligentia,
663 986 718 1049 sed
741 984 774 1048 id
798 983 881 1070 apud
905 998 937 1048 te
960 1006 1114 1048 excusare
1137 983 1220 1047 haud
1245 998 1324 1069 puto
1346 1006 1451 1070 operas
1470 1007 1539 1070 pre·

294 1084 375 1147 tium
399 1108 477 1149 esse.
522 1084 716 1149 Contraham
739 1108 825 1148 nune
847 1106 1003 1148 summam
1020 1085 1187 1149 literarum
1203 1099 1329 1148 tuarum
1346 1098 1380 1149 et
1395 1099 1539 1149 mentem

294 1185 325 1249 S.
355 1186 390 1249 R.
420 1186 507 1249 Mztis
534 1184 573 1248 ad
601 1185 729 1270 singula
754 1184 936 1270 explicabo,
958 1207 1088 1271 quoque
1111 1185 1144 1248 in
1167 1199 1252 1249 statu
1275 1207 1325 1249 res
1348 1200 1381 1250 et
1402 1186 1540 1250 consilia

294 1300 403 1351 nostra
425 1287 500 1363 sint,
524 1287 671 1371 pandam.

379 1385 524 1450 Scribitis
546 1409 632 1450 nunc
656 1401 692 1450 tu
715 1409 799 1450 nuuc
822 1385 1040 1471 Rustorphius
1063 1385 1197 1450 consilia
1218 1385 1252 1449 iu
1268 1386 1389 1472 Anglia
1405 1401 1539 1463 mutata,

293 1486 395 1550 saedus
421 1488 506 1551 inter
532 1487 635 1572 Reges
658 1486 787 1572 Angliae
811 1502 844 1551 et
867 1487 978 1550 Daniae
1000 1503 1096 1572 atque
1121 1486 1301 1551 Hellandos
1322 1487 1441 1552 initum
1464 1512 1539 1553 con·

294 1587 474 1651 dicionibus
508 1586 548 1651 ad
581 1587 844 1651 satisfaciendum
874 1587 1071 1659 difficilimis,
1095 1600 1132 1650 ut
1153 1587 1226 1651 illas
1248 1588 1423 1674 adimplere
1446 1591 1537 1674 regni

294 1689 378 1752 vires
411 1710 475 1751 non
509 1688 678 1764 sufficiant,
709 1688 926 1752 Camerarium
953 1687 1017 1752 huc
1039 1690 1182 1765 misssuu,
1206 1700 1241 1752 ut
1262 1687 1389 1753 tabulas
1411 1689 1538 1754 federis

294 1787 472 1861 exhiberet,
507 1788 750 1853 subsecuturum
785 1793 1038 1874 Anstrytterum‚
1072 1804 1109 1854 ut
1138 1789 1281 1876 pelliciat
1308 1790 1339 1852 S.
1361 1790 1399 1853 R.
1424 1792 1537 1855 Mttern

295 1891 333 1955 ad
366 1890 492 1957 faederis
525 1890 712 1954 societatem
747 1905 803 1954 aut
832 1905 1033 1954 recusantem
1060 1892 1094 1955 in
1116 1891 1271 1954 invidiam
1294 1891 1451 1955 coniiciat
1473 1916 1538 1957 om·

293 1991 399 2069 nium3
437 2005 469 2054 te
507 1991 681 2064 videntem,
718 2014 783 2076 quo
818 1991 924 2055 animo
957 1991 1024 2055 haec
1059 1990 1181 2065 fierent,
1214 2005 1251 2054 ut
1283 1990 1449 2055 disiiceres
1483 1992 1539 2056 illa

295 2091 429 2155 consilia
460 2105 493 2155 et
525 2091 679 2155 iuvidiam
710 2114 883 2169 amoveres,
911 2092 950 2155 de
974 2091 1164 2177 quibusdem
1188 2091 1430 2154 conditionibus
1452 2115 1538 2156 com·

294 2192 471 2257 municasse
504 2214 578 2255 eum
612 2192 872 2278 prudentioribus
904 2192 937 2255 in
971 2191 1102 2278 Anglia‚
1130 2190 1267 2277 ideoque
1293 2214 1417 2278 rogare,
1440 2216 1481 2257 ne
1504 2195 1536 2257 id

293 2293 352 2356 tibi
387 2292 468 2356 vitio
502 2306 659 2371 sertatum
692 2307 788 2378 prout
819 2292 886 2356 haec
920 2292 1053 2356 diversis
1087 2291 1190 2355 literis
1217 2292 1283 2355 tuis
1306 2292 1411 2357 fusius
1434 2295 1539 2380 expli·

293 2407 416 2456 cantur.

378 2492 465 2556 Scito
498 2493 601 2579 igitur
627 2516 683 2557 nos
706 2494 788 2557 hene
811 2492 1018 2557 consiliorum
1041 2494 1252 2557 mutationem
1276 2516 1318 2556 ex
1341 2494 1436 2558 rebus
1458 2496 1538 2580 ipsis

294 2608 325 2656 et
360 2609 478 2657 eventu
510 2595 712 2680 cognovisse,
743 2617 779 2657 ac
806 2616 929 2667 causas,
952 2617 1031 2679 quas
1054 2610 1089 2657 tu
1113 2594 1229 2671 adfers,
1252 2592 1437 2680 suspicione
1461 2618 1539 2681 prae·

293 2693 430 2779 cepisse,
465 2693 574 2757 dtnum
610 2717 738 2780 quoque
766 2694 984 2758 Camerarium
1012 2694 1046 2757 in
1074 2694 1104 2757 S.
1129 2695 1164 2758 R.
1189 2695 1279 2759 Meis
1305 2695 1452 2759 absentie
1474 2695 1538 2760 huc

293 2796 430 2867 venisse,
463 2795 676 2879 redeuntique
710 2794 790 2858 mihi
824 2819 866 2858 ex
898 2795 1037 2859 Livonia
1069 2796 1191 2859 factum
1219 2795 1363 2875 obvism3
1397 2820 1538 2883 cumque

293 2910 452 2959 constaret
486 2896 515 2958 S.
544 2895 581 2960 R.
610 2897 721 2960 Mttem
748 2896 782 2958 iu
805 2896 911 2959 reditu
934 2918 1013 2958 esse.
1036 2897 1160 2959 detinui
1183 2896 1286 2971 illurn,
1310 2920 1350 2960 ne
1372 2898 1435 2961 iter
1456 2898 1537 2961 adeo

293 2996 426 3082 longum
450 2996 518 3060 sine
541 2996 648 3060 fructu
673 2996 854 3060 conficeret.
898 2995 929 3060 Is
951 2997 1101 3082 deposuit
1124 2999 1275 3061 mandata
1298 3021 1363 3076 sua,
1386 3022 1458 3084 quae
1472 3022 1537 3062 non

293 3121 311 3161 a
341 3096 572 3175 confederatis,
597 3097 659 3177 ¹sed
683 3121 701 3161 a
723 3097 812 3185 Rege
835 3096 997 3160 Bohemiae
1020 3112 1195 3182 acceperat,
1219 3121 1350 3175 summa,
1374 3099 1459 3162 nosti
1483 3099 1539 3163 ho·

293 3199 423 3275 minem,
457 3197 519 3262 fide
555 3222 590 3261 ac
624 3198 794 3276 industria3
828 3221 938 3261 verum
962 3221 1036 3261 cum
1059 3198 1092 3261 in
1116 3197 1274 3284 Hagiensi
1297 3214 1461 3262 conventu
1485 3202 1538 3265 ad·

295 3314 429 3385 pareret,
456 3298 538 3362 nihil
561 3300 599 3362 sd
623 3300 652 3361 S.
677 3300 713 3363 R.
738 3298 826 3362 Mais
849 3299 1029 3385 propositas
1051 3298 1256 3362 condiciones
1280 3299 1331 3362 vel
1355 3312 1462 3363 actum
1486 3302 1538 3364 vel

292 3400 505 3464 constitutum
538 3423 617 3471 esse,
646 3424 681 3462 ac
709 3400 913 3485 perspicuum
941 3413 1034 3464 esset.
1057 3399 1137 3463 illud
1161 3422 1225 3463 nou
1249 3400 1287 3463 ad
1311 3423 1537 3486 oppressorum

294 3500 468 3564 amicorum
491 3500 638 3586 inprimis
662 3501 759 3586 Regis
782 3500 943 3564 Bohemiae
965 3499 1204 3563 restitutionem
1229 3523 1265 3563 ac
1282 3500 1536 3567 vindicationem

293 3600 415 3663 amissae
438 3600 594 3664 libertatis
617 3601 753 3685 publica²
774 3602 942 3676 directum,
963 3600 1109 3686 inprimis
1126 3602 1210 3686 quod
1227 3600 1318 3664 dtnus
1334 3601 1537 3666 Camerarius

293 3701 414 3764 nullam
446 3701 578 3764 liaberet
601 3701 759 3764 tractandi
784 3725 820 3764 ac
843 3701 1056 3765 concludendi
1079 3703 1282 3787 reliquosque
1305 3702 1537 3768 confaederatos

293 3801 459 3888 obligandi
493 3814 696 3887 potestatem,
730 3825 793 3865 nou
827 3802 932 3889 potuit
960 3802 990 3864 S.
1020 3802 1057 3865 R.
1081 3802 1174 3865 Mztas
1197 3802 1242 3865 ita
1265 3801 1365 3866 illotis
1387 3804 1537 3867 menibus

294 3902 433 3976 adsilire‚
456 3914 626 3988 totumque
650 3903 822 3989 negocium
845 3903 980 3979 distulit,
1003 3903 1104 3966 donec
1126 3904 1164 3966 ed
1188 3926 1221 3967 se
1244 3903 1460 3981 mitterentur,
1481 3905 1537 3990 qui

294 4017 427 4089 agerent
450 4026 485 4066 ac
509 4016 686 4067 statuerent
708 4004 967 4090 principalesque
990 4025 1064 4066 suos
1089 4005 1127 4067 ad
1152 4003 1357 4067 condiciones
1375 4005 1482 4086 justas
1506 4019 1537 4068 et

293 4103 464 4189 aequabiles
488 4102 762 4190 a[d]stringerent.
808 4104 854 4167 Ut
877 4116 984 4167 autem
1007 4118 1125 4167 cuncta
1146 4104 1294 4167 exactius
1316 4104 1452 4179 videres,
1470 4120 1537 4169 erat

293 4204 373 4268 mihi
407 4205 532 4268 animus
566 4204 626 4267 hoc
659 4206 730 4290 ipso
758 4205 796 4267 ad
823 4217 855 4267 te
879 4205 1006 4267 mittere
1030 4216 1063 4267 et
1085 4204 1337 4289 propositionem
1360 4204 1535 4270 Camerarii

294 4320 326 4368 et
359 4306 584 4369 resolutionem
619 4306 680 4390 ipsi
715 4306 834 4380 datam,
868 4306 922 4369 sed
954 4319 1099 4390 tempore
1125 4304 1326 4368 describendi
1354 4322 1535 4390 praeventus

293 4427 392 4490 cogor
414 4405 552 4482 differre,
575 4406 676 4469 donec
699 4406 866 4492 proximus
889 4407 1079 4491 expediatur
1101 4406 1285 4470 tabellarius
1296 4407 1332 4488 ¹).

377 4542 397 4599 ¹)
425 4546 575 4595 Camersrlt
599 4545 765 4594 lustruktion
790 4546 820 4594 at
837 4545 863 4593 d.
888 4544 912 4608 5⁸„
934 4545 997 4593 Dee.
1020 4548 1093 4603 1625,
1111 4545 1210 4594 hraraf
1226 4546 1309 4608 kopta
1328 4546 1416 4594 finnss
1436 4548 1446 4595 l
1464 4547 1536 4595 Riks·

293 4629 408 4681 arkivet.
436 4630 611 4686 Hellandica,
639 4630 869 4693 Forhandltngar,
896 4634 927 4677 ar
950 4630 1022 4678 atter
1039 4630 1121 4692 kopla
1139 4630 1232 4692 tryckt
1254 4631 1302 4678 hos
1321 4629 1440 4689 Moser,
1460 4632 1533 4680 Patr.
