3314 5362
354 498 395 561 66

305 666 434 752 copiose
461 688 526 729 non
554 663 717 739 disseram,
744 665 799 728 sed
822 663 951 727 illorum
975 662 1127 748 permitto
1146 662 1282 747 judicic,
1305 662 1361 747 qui
1384 674 1417 725 et
1439 660 1564 724 urbem

304 781 423 829 nornnt
450 778 481 830 et
504 764 621 829 artium
644 764 874 851 capiendarum
898 763 1027 828 urbium
1050 762 1149 850 periti
1171 777 1256 840 sunt,
1279 763 1335 849 qni
1358 762 1427 825 aine
1451 760 1567 824 dubio

305 866 454 930 omnibus
487 880 634 930 accurate
668 866 834 952 perpensis
860 864 1054 949 judicabunt
1082 864 1121 928 de
1144 862 1348 950 quibusdem,
1370 863 1458 927 fama
1481 861 1566 925 illas

305 967 407 1053 magis
436 982 469 1031 et
492 966 644 1054 opinione
666 966 844 1041 hominum,
868 988 964 1052 quem
987 964 1090 1030 solida
1115 965 1259 1051 potentia
1283 987 1319 1028 ac
1341 963 1453 1028 robore
1479 962 1564 1026 sub·

304 1070 417 1133 sistere
441 1082 474 1132 ct
496 1067 637 1155 gloriari.

389 1169 539 1233 Potentia
577 1168 687 1253 'regni
721 1167 883 1231 Poloniae⁸
920 1190 984 1231 non
1019 1179 1067 1231 est
1102 1165 1309 1251 aspernanda,
1343 1178 1377 1229 et
1408 1187 1442 1228 se
1467 1165 1567 1228 susis

304 1269 423 1334 nostris
446 1268 539 1333 initio
562 1268 704 1352 objiciet.
743 1266 834 1332 Velit
843 1270 884 1351 (.)
904 1269 989 1332 enim
1006 1268 1172 1342 contueri,
1188 1288 1391 1353 progressum
1408 1278 1567 1329 nostrum

308 1370 431 1441 sistere,
466 1393 501 1434 oc
535 1369 687 1455 opitulari
716 1368 881 1432 *Cesari*.
927 1368 989 1433 Sed
1011 1369 1105 1432 sicuti
1130 1368 1254 1432 hostem
1277 1383 1485 1431 contemnere
1511 1380 1567 1431 te-

304 1471 462 1535 meritatis
485 1484 544 1545 est,
568 1471 615 1534 sic
636 1468 773 1533 nimium
798 1469 954 1534 extollere
978 1493 1014 1533 ac
1037 1483 1178 1533 metuere
1196 1468 1391 1532 timiditatis.
1427 1467 1567 1532 Cuncta

305 1587 380 1635 sunt
403 1574 493 1657 justa
520 1571 611 1634 lance
635 1570 850 1655 ponderanda.
895 1571 1014 1636 Potens
1037 1570 1171 1656 quidem
1194 1585 1227 1634 et
1249 1568 1392 1655 amplum
1414 1591 1567 1655 rognum

306 1689 364 1749 cst,
400 1673 455 1736 sed
493 1671 592 1735 nimie
629 1671 763 1735 licentia
796 1695 832 1735 ac
865 1673 971 1756 pravis
1010 1670 1297 1736 consuetudinibus
1330 1668 1567 1749 debilitatum

306 1774 450 1837 semrium
484 1772 650 1856 publicum
674 1773 803 1837 nomine
826 1772 957 1858 quidem
979 1771 1109 1849 hebent,
1132 1795 1165 1835 re
1188 1770 1324 1847 nullum,
1351 1793 1412 1834 nec
1433 1770 1568 1836 habere

305 1887 440 1960 possunt
474 1873 642 1951 ⁴'Poloni⁸,
676 1873 738 1936 nisi
771 1897 829 1959 per
861 1874 1001 1950 comitia,
1039 1874 1124 1938 unde
1158 1897 1218 1936 nec
1253 1871 1413 1937 exercitus
1445 1873 1569 1957 parari

305 1987 421 2062 potest,
455 1974 517 2037 nisi
549 1974 583 2037 in
617 1974 757 2038 comitiis
790 1975 951 2054 decret-us3
986 1974 1091 2060 siqui
1115 1974 1309 2037 auxiliatum
1333 1973 1471 2037 veniunt
1494 1976 1568 2038 rei·

305 2076 443 2161 publicae
465 2076 499 2139 in
522 2075 619 2139 huius
643 2075 811 2160 angustiis,
835 2076 954 2161 privati
977 2090 1052 2139 sunt
1075 2098 1111 2138 ee
1134 2074 1267 2162 privetis
1288 2074 1403 2160 opibus
1420 2073 1453 2137 id
1472 2097 1568 2137 onus

304 2179 337 2241 in
362 2200 395 2242 se
419 2177 611 2262 suscipiunt.
656 2176 860 2262 Quapropter
882 2176 972 2239 nulla
993 2198 1134 2262 unquam
1158 2188 1248 2239 tenta
1271 2175 1360 2238 illam
1378 2175 1567 2261 rempubli-

305 2301 374 2342 cam
408 2278 528 2342 invasit
561 2276 735 2353 calamites,
769 2300 865 2363 quem
899 2291 1042 2342 avertere
1071 2300 1108 2341 ac
1135 2300 1168 2340 se
1190 2277 1338 2360 objicere,
1362 2276 1423 2339 nisi
1447 2276 1567 2341 multo

304 2395 448 2465 tempore
481 2392 597 2443 exacto
632 2377 786 2464 bonisque
819 2378 1042 2443 occasionibus
1070 2377 1214 2464 perditis,
1246 2390 1430 2462 potuerunt.
1478 2377 1566 2441 Nou

305 2494 354 2543 eat
375 2478 598 2555 dubitandum,
622 2479 649 2541 ai
672 2478 739 2542 haec
762 2492 884 2543 secreto
906 2479 1019 2543 habita
1039 2479 1170 2556 fuerint,
1192 2479 1301 2543 sedem
1321 2476 1399 2540 belli
1415 2477 1568 2543 firmiter

305 2583 338 2643 in
363 2580 535 2643 *Polonia'
559 2603 595 2644 ac
619 2578 751 2665 'Regali
774 2580 946 2644 Boruasie*
970 2579 1120 2643 collocari
1143 2593 1248 2665 etque,
1272 2578 1306 2641 ni
1320 2577 1426 2655 fallor,
1440 2577 1566 2663 ipsum

306 2679 536 2744 *Dentiscum'
560 2681 711 2765 occupari
733 2702 837 2765 posse,
865 2681 1050 2768 priusquam
1074 2680 1159 2744 ullus
1182 2703 1215 2744 se
1238 2679 1365 2743 validus
1387 2680 1567 2744 exercitus

307 2781 520 2845 'Polonicus'
544 2803 672 2846 movere
695 2795 800 2867 queat.
845 2782 911 2846 Ubi
934 2781 1050 2845 deinde
1074 2781 1230 2845 collectus
1252 2779 1354 2845 fuerit
1376 2802 1412 2843 ec
1434 2802 1471 2844 ae
1487 2804 1568 2845 mo·

304 2881 397 2958 verit,
427 2881 634 2968 cogitandum
662 2883 734 2957 erit,
756 2882 849 2946 illum
873 2894 1017 2946 constare
1039 2882 1182 2946 maxima
1204 2881 1254 2945 sui
1278 2895 1367 2967 parte
1391 2881 1567 2966 equitatu,

305 2983 361 3068 qui
394 3004 491 3069 quam
523 2982 621 3046 facile
653 2981 807 3047 destineri
839 2997 873 3047 et
905 2982 1000 3047 atteri
1032 2984 1134 3068 possit
1164 3006 1181 3046 e
1207 2983 1364 3068 peditatu,
1387 2983 1439 3046 cui
1465 3000 1567 3049 recte

304 3084 491 3169 imperetur,
521 3082 669 3168 inprimis
696 3085 869 3147 secedente
891 3107 978 3148 mors
1001 3098 1033 3148 et
1055 3097 1208 3169 tempore,
1231 3084 1309 3147 satis
1332 3098 1468 3148 constat.
1523 3087 1567 3151 ld

305 3185 413 3261 etium,
448 3185 534 3270 quod
568 3185 806 3269 praesentissimi
839 3185 972 3249 remedii
1006 3186 1077 3248 loco
1106 3186 1140 3249 in
1165 3184 1339 3274 *Polonis'
1362 3207 1431 3248 esse
1456 3185 1566 3261 solet,

305 3298 343 3348 ut
375 3286 484 3348 cuncti
518 3285 644 3348 nobiles
674 3284 795 3349 viribus
822 3285 971 3350 omnibus
993 3287 1111 3350 coactis
1133 3300 1238 3349 castra
1260 3298 1446 3369 sequantur,
1472 3309 1567 3371 quas

305 3386 414 3471 copies
451 3385 603 3450 collectas
636 3385 737 3474 vulgo
772 3386 982 3473 *Postpolyta
1016 3387 1190 3451 Bussenia¹
1226 3385 1400 3471 sppellont,
1439 3388 1568 3469 perdet

305 3486 408 3572 ipsam
443 3485 650 3550 *Polonicm'
684 3501 717 3551 et
750 3487 885 3552 laxitate
920 3488 1108 3574 disciplinae,
1142 3501 1176 3552 et
1207 3487 1291 3572 qnod
1320 3486 1410 3549 nullo
1436 3488 1566 3556 ordine

305 3600 552 3673 congregentur,
576 3600 608 3651 et
630 3589 715 3674 qnod
738 3590 875 3675 quisque
898 3612 941 3652 ex
963 3588 1095 3652 arbitrio
1118 3611 1176 3651 suo
1201 3587 1320 3652 militet
1339 3587 1500 3674 facilique
1519 3593 1566 3657 de

306 3709 404 3750 censs
432 3710 468 3750 ac
495 3687 563 3750 solo
585 3688 681 3751 taedio
703 3690 874 3765 dilabetur,
897 3690 993 3754 sactis
1015 3690 1146 3753 interim
1168 3689 1333 3752 immensis
1356 3692 1566 3774 sumptibus,

306 3802 340 3852 et
372 3786 537 3872 republica
566 3789 664 3852 etism
687 3790 753 3853 suis
776 3790 1069 3855 contributionibus
1092 3813 1127 3854 ac
1151 3790 1258 3854 nervis
1279 3790 1401 3854 idcirco
1424 3792 1567 3857 defran-

305 3887 388 3951 date.
437 3887 583 3952 Peditem
611 3912 687 3953 vero
715 3890 895 3956 'Pelorus'
919 3893 1007 3957 domi
1030 3891 1156 3955 nullum
1179 3891 1287 3968 habet,
1310 3892 1367 3976 qui
1389 3908 1569 3960 mereatur

305 3988 464 4065 aestimsri,
498 4011 557 4053 nec
591 4013 629 4054 eo
661 4013 768 4055 rerum
801 4006 886 4057 stetu
920 4017 962 4058 ex
991 3994 1100 4056 vicina
1123 3993 1334 4057 'Germania'
1359 4006 1414 4056 aut
1439 3994 1568 4061 'Hun-

305 4090 415 4177 garie⁸
449 4088 553 4153 ullum
587 4090 766 4156 conducere
799 4092 925 4180 poterit.
981 4094 1095 4169 Taceo,
1126 4093 1210 4179 quod
1240 4093 1393 4179 quicquid
1417 4097 1567 4180 perierit

304 4192 357 4255 vel
390 4190 507 4254 nostris
541 4191 592 4256 vel
626 4191 740 4255 Poloni
773 4194 878 4271 ermis,
912 4218 975 4258 non
1009 4194 1101 4257 nobis
1128 4217 1187 4258 nec
1213 4194 1384 4271 faederstis,
1409 4198 1466 4261 sed
1491 4199 1568 4285 ipsi

305 4292 427 4356 Polono
449 4291 577 4378 peribit.
1146 4358 1149 4365 y

389 4394 518 4457 Interes
539 4393 566 4458 si
590 4393 854 4460 'Bethlehemins
876 4394 1001 4460 Gabor*
1019 4397 1052 4461 in
1070 4398 1268 4462 'Polonum'
1284 4397 1413 4461 incitari
1431 4417 1567 4485 posset,

305 4508 343 4556 ut-
363 4492 456 4557 illum
480 4495 593 4559 eodem
616 4509 761 4583 tempore
785 4497 1013 4584 sdgrederctur
1034 4514 1067 4562 et
1081 4499 1258 4577 distineret,
1275 4500 1381 4563 minus
1397 4497 1453 4564 bic
1470 4520 1567 4569 esset

306 4595 460 4657 adversus
482 4608 656 4682 utrumqne
681 4598 807 4662 validus
828 4598 969 4675 futurus,
993 4613 1026 4663 et
1045 4600 1099 4664 vel
1122 4623 1221 4663 unum
1243 4601 1294 4665 vel
1311 4601 1451 4667 alterum
1468 4603 1567 4672 latus

304 4695 501 4760 denudatum
514 4697 643 4763 ferienti
656 4699 847 4776 obverteret,
859 4700 911 4764 vel
923 4713 1096 4787 utrumque
1108 4701 1256 4767 redderet
1266 4702 1347 4766 ictui
1358 4704 1565 4774 obnoxium.
