<?xml version="1.0" encoding="UTF-8"?>
<!DOCTYPE html PUBLIC "-//W3C//DTD XHTML 1.0 Transitional//EN"
    "http://www.w3.org/TR/xhtml1/DTD/xhtml1-transitional.dtd">
<html xmlns="http://www.w3.org/1999/xhtml" xml:lang="en" lang="en">
 <head>
  <title>
</title>
<meta http-equiv="Content-Type" content="text/html;charset=utf-8" />
  <meta name='ocr-system' content='tesseract 3.04.00' />
  <meta name='ocr-capabilities' content='ocr_page ocr_carea ocr_par ocr_line ocrx_word'/>
</head>
<body>
  <div class='ocr_page' id='page_1' title='image "./rikskanslerenax00akadgoog_0324.png"; bbox 0 0 3244 5334; ppageno 0'>
   <div class='ocr_carea' id='block_1_1' title="bbox 333 449 396 514">
    <p class='ocr_par' dir='ltr' id='par_1_1' title="bbox 333 449 396 514">
     <span class='ocr_line' id='line_1_1' title="bbox 333 449 396 514; baseline 0 0"><span class='ocrx_word' id='word_1_1' title='bbox 333 449 396 514; x_wconf 76' lang='lat'>290</span> 
     </span>
    </p>
   </div>
   <div class='ocr_carea' id='block_1_2' title="bbox 289 614 1543 1107">
    <p class='ocr_par' dir='ltr' id='par_1_2' title="bbox 289 614 1543 1107">
     <span class='ocr_line' id='line_1_2' title="bbox 289 614 1543 702; baseline 0.002 -22"><span class='ocrx_word' id='word_1_2' title='bbox 289 640 402 680; x_wconf 88' lang='lat' dir='ltr'>verum</span> <span class='ocrx_word' id='word_1_3' title='bbox 435 615 463 679; x_wconf 92' lang='lat' dir='ltr'>si</span> <span class='ocrx_word' id='word_1_4' title='bbox 496 614 640 702; x_wconf 89' lang='lat' dir='ltr'>Principi</span> <span class='ocrx_word' id='word_1_5' title='bbox 672 627 728 679; x_wconf 94' lang='lat' dir='ltr'>tuo</span> <span class='ocrx_word' id='word_1_6' title='bbox 756 639 774 679; x_wconf 90' lang='lat' dir='ltr'>a</span> <span class='ocrx_word' id='word_1_7' title='bbox 802 615 931 702; x_wconf 90' lang='lat' dir='ltr'>proprio</span> <span class='ocrx_word' id='word_1_8' title='bbox 959 615 1090 680; x_wconf 90' lang='lat' dir='ltr'>domino</span> <span class='ocrx_word' id='word_1_9' title='bbox 1113 615 1275 702; x_wconf 86' lang='lat' dir='ltr'>provideri</span> <span class='ocrx_word' id='word_1_10' title='bbox 1296 618 1413 702; x_wconf 91' lang='lat' dir='ltr'>nequit</span> <span class='ocrx_word' id='word_1_11' title='bbox 1434 640 1496 682; x_wconf 87' lang='lat' dir='ltr'>nec</span> <span class='ocrx_word' id='word_1_12' title='bbox 1520 640 1543 682; x_wconf 84' lang='lat' dir='ltr'>s</span> 
     </span>
     <span class='ocr_line' id='line_1_3' title="bbox 291 715 1541 805; baseline 0 -23"><span class='ocrx_word' id='word_1_13' title='bbox 291 715 528 803; x_wconf 68' lang='lat' dir='ltr'>direptionibus</span> <span class='ocrx_word' id='word_1_14' title='bbox 555 738 686 780; x_wconf 89' lang='lat' dir='ltr'>suorum</span> <span class='ocrx_word' id='word_1_15' title='bbox 709 716 743 780; x_wconf 91' lang='lat' dir='ltr'>in</span> <span class='ocrx_word' id='word_1_16' title='bbox 767 730 837 781; x_wconf 90' lang='lat' dir='ltr'>tuto</span> <span class='ocrx_word' id='word_1_17' title='bbox 860 717 1021 795; x_wconf 86' lang='lat' dir='ltr'>collocari,</span> <span class='ocrx_word' id='word_1_18' title='bbox 1044 718 1163 804; x_wconf 85' lang='lat' dir='ltr'>cogita,</span> <span class='ocrx_word' id='word_1_19' title='bbox 1186 716 1265 802; x_wconf 91' lang='lat' dir='ltr'>quid</span> <span class='ocrx_word' id='word_1_20' title='bbox 1287 717 1380 782; x_wconf 91' lang='lat' dir='ltr'>nobis</span> <span class='ocrx_word' id='word_1_21' title='bbox 1402 740 1541 805; x_wconf 83' lang='lat' dir='ltr'>exspec-</span> 
     </span>
     <span class='ocr_line' id='line_1_4' title="bbox 291 815 1540 904; baseline 0 -21"><span class='ocrx_word' id='word_1_22' title='bbox 291 818 434 893; x_wconf 88' lang='lat' dir='ltr'>tandum,</span> <span class='ocrx_word' id='word_1_23' title='bbox 457 816 513 903; x_wconf 91' lang='lat' dir='ltr'>qui</span> <span class='ocrx_word' id='word_1_24' title='bbox 535 815 641 881; x_wconf 92' lang='lat' dir='ltr'>hostes</span> <span class='ocrx_word' id='word_1_25' title='bbox 665 839 785 881; x_wconf 88' lang='lat' dir='ltr'>sumus.</span> <span class='ocrx_word' id='word_1_26' title='bbox 829 816 991 904; x_wconf 81' lang='lat' dir='ltr'>Quicquid</span> <span class='ocrx_word' id='word_1_27' title='bbox 1014 818 1100 882; x_wconf 89' lang='lat' dir='ltr'>enim</span> <span class='ocrx_word' id='word_1_28' title='bbox 1124 818 1176 897; x_wconf 88' lang='lat' dir='ltr'>sit,</span> <span class='ocrx_word' id='word_1_29' title='bbox 1200 817 1261 882; x_wconf 92' lang='lat' dir='ltr'>hoc</span> <span class='ocrx_word' id='word_1_30' title='bbox 1284 818 1437 904; x_wconf 77' lang='lat' dir='ltr'>Princeps</span> <span class='ocrx_word' id='word_1_31' title='bbox 1460 831 1540 883; x_wconf 91' lang='lat' dir='ltr'>tuus</span> 
     </span>
     <span class='ocr_line' id='line_1_5' title="bbox 290 917 1540 1006; baseline 0 -23"><span class='ocrx_word' id='word_1_32' title='bbox 290 943 349 1006; x_wconf 92' lang='lat' dir='ltr'>pro</span> <span class='ocrx_word' id='word_1_33' title='bbox 376 930 463 983; x_wconf 88' lang='lat' dir='ltr'>certo</span> <span class='ocrx_word' id='word_1_34' title='bbox 491 930 610 981; x_wconf 86' lang='lat' dir='ltr'>statuat</span> <span class='ocrx_word' id='word_1_35' title='bbox 633 917 663 981; x_wconf 90' lang='lat' dir='ltr'>S.</span> <span class='ocrx_word' id='word_1_36' title='bbox 687 918 724 982; x_wconf 86' lang='lat' dir='ltr'>R.</span> <span class='ocrx_word' id='word_1_37' title='bbox 748 918 871 996; x_wconf 88' lang='lat' dir='ltr'>M:tem,</span> <span class='ocrx_word' id='word_1_38' title='bbox 894 919 921 982; x_wconf 90' lang='lat' dir='ltr'>si</span> <span class='ocrx_word' id='word_1_39' title='bbox 944 919 1051 982; x_wconf 90' lang='lat' dir='ltr'>minus</span> <span class='ocrx_word' id='word_1_40' title='bbox 1073 918 1233 984; x_wconf 89' lang='lat' dir='ltr'>desiderio</span> <span class='ocrx_word' id='word_1_41' title='bbox 1256 918 1325 983; x_wconf 90' lang='lat' dir='ltr'>eius</span> <span class='ocrx_word' id='word_1_42' title='bbox 1348 941 1406 1005; x_wconf 91' lang='lat' dir='ltr'>per</span> <span class='ocrx_word' id='word_1_43' title='bbox 1427 920 1540 983; x_wconf 83' lang='lat' dir='ltr'>omnis</span> 
     </span>
     <span class='ocr_line' id='line_1_6' title="bbox 290 1017 1539 1107; baseline -0.001 -24"><span class='ocrx_word' id='word_1_44' title='bbox 290 1018 499 1107; x_wconf 79' lang='lat' dir='ltr'>gratificetur,</span> <span class='ocrx_word' id='word_1_45' title='bbox 533 1019 566 1082; x_wconf 91' lang='lat' dir='ltr'>id</span> <span class='ocrx_word' id='word_1_46' title='bbox 602 1017 706 1082; x_wconf 87' lang='lat' dir='ltr'>firmas</span> <span class='ocrx_word' id='word_1_47' title='bbox 734 1018 775 1083; x_wconf 91' lang='lat' dir='ltr'>ob</span> <span class='ocrx_word' id='word_1_48' title='bbox 802 1019 943 1084; x_wconf 79' lang='lat' dir='ltr'>rationes</span> <span class='ocrx_word' id='word_1_49' title='bbox 969 1032 1072 1083; x_wconf 88' lang='lat' dir='ltr'>status</span> <span class='ocrx_word' id='word_1_50' title='bbox 1094 1020 1144 1084; x_wconf 93' lang='lat' dir='ltr'>sui</span> <span class='ocrx_word' id='word_1_51' title='bbox 1167 1019 1247 1096; x_wconf 88' lang='lat' dir='ltr'>fieri,</span> <span class='ocrx_word' id='word_1_52' title='bbox 1270 1020 1403 1106; x_wconf 88' lang='lat' dir='ltr'>parique</span> <span class='ocrx_word' id='word_1_53' title='bbox 1427 1033 1539 1084; x_wconf 83' lang='lat' dir='ltr'>ututur</span> 
     </span>
    </p>
   </div>
   <div class='ocr_carea' id='block_1_3' title="bbox 289 1118 1539 1589">
    <p class='ocr_par' dir='ltr' id='par_1_3' title="bbox 289 1118 1539 1589">
     <span class='ocr_line' id='line_1_7' title="bbox 291 1118 1539 1207; baseline -0.001 -23"><span class='ocrx_word' id='word_1_54' title='bbox 291 1119 442 1207; x_wconf 85' lang='lat' dir='ltr'>aeqnitate</span> <span class='ocrx_word' id='word_1_55' title='bbox 465 1119 499 1182; x_wconf 89' lang='lat' dir='ltr'>in</span> <span class='ocrx_word' id='word_1_56' title='bbox 524 1118 741 1204; x_wconf 85' lang='lat' dir='ltr'>dijudicandis</span> <span class='ocrx_word' id='word_1_57' title='bbox 765 1120 945 1184; x_wconf 87' lang='lat' dir='ltr'>actionibus</span> <span class='ocrx_word' id='word_1_58' title='bbox 969 1120 1067 1207; x_wconf 80' lang='lat' dir='ltr'>Regis</span> <span class='ocrx_word' id='word_1_59' title='bbox 1089 1121 1163 1196; x_wconf 88' lang='lat' dir='ltr'>mei,</span> <span class='ocrx_word' id='word_1_60' title='bbox 1184 1119 1211 1182; x_wconf 92' lang='lat' dir='ltr'>si</span> <span class='ocrx_word' id='word_1_61' title='bbox 1227 1119 1307 1183; x_wconf 88' lang='lat' dir='ltr'>alios</span> <span class='ocrx_word' id='word_1_62' title='bbox 1322 1122 1539 1206; x_wconf 87' lang='lat' dir='ltr'>respectando</span> 
     </span>
     <span class='ocr_line' id='line_1_8' title="bbox 290 1219 1536 1307; baseline -0.002 -21"><span class='ocrx_word' id='word_1_63' title='bbox 290 1222 387 1286; x_wconf 89' lang='lat' dir='ltr'>statui</span> <span class='ocrx_word' id='word_1_64' title='bbox 422 1219 549 1306; x_wconf 92' lang='lat' dir='ltr'>proprio</span> <span class='ocrx_word' id='word_1_65' title='bbox 581 1220 762 1306; x_wconf 88' lang='lat' dir='ltr'>periculum</span> <span class='ocrx_word' id='word_1_66' title='bbox 789 1242 896 1284; x_wconf 86' lang='lat' dir='ltr'>creare</span> <span class='ocrx_word' id='word_1_67' title='bbox 923 1220 1013 1284; x_wconf 88' lang='lat' dir='ltr'>nolit.</span> <span class='ocrx_word' id='word_1_68' title='bbox 1062 1220 1197 1285; x_wconf 83' lang='lat' dir='ltr'>Interim</span> <span class='ocrx_word' id='word_1_69' title='bbox 1222 1220 1375 1307; x_wconf 76' lang='lat' dir='ltr'>Princeps</span> <span class='ocrx_word' id='word_1_70' title='bbox 1398 1234 1485 1297; x_wconf 91' lang='lat' dir='ltr'>tuus,</span> <span class='ocrx_word' id='word_1_71' title='bbox 1509 1220 1536 1284; x_wconf 90' lang='lat' dir='ltr'>si</span> 
     </span>
     <span class='ocr_line' id='line_1_9' title="bbox 289 1319 1538 1409; baseline -0.001 -23"><span class='ocrx_word' id='word_1_72' title='bbox 289 1345 348 1409; x_wconf 89' lang='lat' dir='ltr'>pro</span> <span class='ocrx_word' id='word_1_73' title='bbox 381 1343 460 1409; x_wconf 88' lang='lat' dir='ltr'>pace</span> <span class='ocrx_word' id='word_1_74' title='bbox 494 1320 688 1384; x_wconf 79' lang='lat' dir='ltr'>laboraverit</span> <span class='ocrx_word' id='word_1_75' title='bbox 715 1319 855 1407; x_wconf 86' lang='lat' dir='ltr'>publica,</span> <span class='ocrx_word' id='word_1_76' title='bbox 882 1334 988 1384; x_wconf 88' lang='lat' dir='ltr'>certus</span> <span class='ocrx_word' id='word_1_77' title='bbox 1015 1322 1055 1385; x_wconf 89' lang='lat' dir='ltr'>de</span> <span class='ocrx_word' id='word_1_78' title='bbox 1079 1321 1201 1386; x_wconf 87' lang='lat' dir='ltr'>arcium</span> <span class='ocrx_word' id='word_1_79' title='bbox 1223 1322 1384 1386; x_wconf 89' lang='lat' dir='ltr'>dictarum</span> <span class='ocrx_word' id='word_1_80' title='bbox 1407 1323 1538 1386; x_wconf 84' lang='lat' dir='ltr'>restitu-</span> 
     </span>
     <span class='ocr_line' id='line_1_10' title="bbox 290 1421 1538 1507; baseline 0 -19"><span class='ocrx_word' id='word_1_81' title='bbox 290 1425 378 1488; x_wconf 87' lang='lat' dir='ltr'>tione</span> <span class='ocrx_word' id='word_1_82' title='bbox 406 1443 475 1486; x_wconf 89' lang='lat' dir='ltr'>esse</span> <span class='ocrx_word' id='word_1_83' title='bbox 501 1421 631 1507; x_wconf 88' lang='lat' dir='ltr'>poterit.</span> <span class='ocrx_word' id='word_1_84' title='bbox 676 1421 773 1485; x_wconf 91' lang='lat' dir='ltr'>Hisce</span> <span class='ocrx_word' id='word_1_85' title='bbox 797 1422 934 1486; x_wconf 77' lang='lat' dir='ltr'>Dzonem</span> <span class='ocrx_word' id='word_1_86' title='bbox 957 1435 1045 1486; x_wconf 89' lang='lat' dir='ltr'>tuam</span> <span class='ocrx_word' id='word_1_87' title='bbox 1069 1422 1140 1486; x_wconf 89' lang='lat' dir='ltr'>Dco</span> <span class='ocrx_word' id='word_1_88' title='bbox 1162 1424 1362 1487; x_wconf 90' lang='lat' dir='ltr'>commendo.</span> <span class='ocrx_word' id='word_1_89' title='bbox 1407 1423 1538 1488; x_wconf 87' lang='lat' dir='ltr'>Daban-</span> 
     </span>
     <span class='ocr_line' id='line_1_11' title="bbox 291 1522 1035 1589; baseline -0.005 0"><span class='ocrx_word' id='word_1_90' title='bbox 291 1539 344 1589; x_wconf 88' lang='lat' dir='ltr'>tur</span> <span class='ocrx_word' id='word_1_91' title='bbox 367 1523 509 1587; x_wconf 87' lang='lat' dir='ltr'>Bersonii</span> <span class='ocrx_word' id='word_1_92' title='bbox 533 1523 585 1587; x_wconf 88' lang='lat' dir='ltr'>die</span> <span class='ocrx_word' id='word_1_93' title='bbox 608 1524 628 1586; x_wconf 89' lang='lat'><strong>3</strong></span> <span class='ocrx_word' id='word_1_94' title='bbox 650 1522 800 1586; x_wconf 73' lang='lat' dir='ltr'>‹lanuarii</span> <span class='ocrx_word' id='word_1_95' title='bbox 822 1526 920 1587; x_wconf 89' lang='lat' dir='ltr'>Anno</span> <span class='ocrx_word' id='word_1_96' title='bbox 943 1524 1035 1587; x_wconf 77' lang='lat'><strong>1626.</strong></span> 
     </span>
    </p>
   </div>
   <div class='ocr_carea' id='block_1_4' title="bbox 1072 1674 1452 1829">
    <p class='ocr_par' dir='ltr' id='par_1_4' title="bbox 1072 1674 1452 1829">
     <span class='ocr_line' id='line_1_12' title="bbox 1072 1674 1452 1739; baseline 0.005 -1"><span class='ocrx_word' id='word_1_97' title='bbox 1072 1674 1211 1738; x_wconf 87' lang='lat' dir='ltr'>Axelius</span> <span class='ocrx_word' id='word_1_98' title='bbox 1234 1674 1452 1739; x_wconf 82' lang='lat' dir='ltr'>Oxenstierna</span> 
     </span>
     <span class='ocr_line' id='line_1_13' title="bbox 1230 1784 1281 1829; baseline -0.02 0"><span class='ocrx_word' id='word_1_99' title='bbox 1230 1784 1281 1829; x_wconf 87' lang='lat' dir='ltr'>etc.</span> 
     </span>
    </p>
   </div>
   <div class='ocr_carea' id='block_1_5' title="bbox 290 1930 1537 2165">
    <p class='ocr_par' dir='ltr' id='par_1_5' title="bbox 290 1930 1537 2165">
     <span class='ocr_line' id='line_1_14' title="bbox 375 1930 1537 1996; baseline -0.001 -13"><span class='ocrx_word' id='word_1_100' title='bbox 375 1934 465 1996; x_wconf 84' lang='lat' dir='ltr'>Kopia</span> <span class='ocrx_word' id='word_1_101' title='bbox 482 1934 491 1980; x_wconf 86' lang='lat' dir='ltr'>t</span> <span class='ocrx_word' id='word_1_102' title='bbox 510 1931 691 1988; x_wconf 79' lang='lat' dir='ltr'>Riksarkivet</span> <span class='ocrx_word' id='word_1_103' title='bbox 710 1931 770 1980; x_wconf 86' lang='lat' dir='ltr'>dels</span> <span class='ocrx_word' id='word_1_104' title='bbox 787 1930 875 1979; x_wconf 79' lang='lat' dir='ltr'>bland</span> <span class='ocrx_word' id='word_1_105' title='bbox 891 1930 1035 1980; x_wconf 77' lang='lat' dir='ltr'>kanslcrns</span> <span class='ocrx_word' id='word_1_106' title='bbox 1053 1930 1182 1995; x_wconf 79' lang='lat' dir='ltr'>koncept,</span> <span class='ocrx_word' id='word_1_107' title='bbox 1200 1932 1262 1981; x_wconf 82' lang='lat' dir='ltr'>dela</span> <span class='ocrx_word' id='word_1_108' title='bbox 1279 1931 1366 1982; x_wconf 79' lang='lat' dir='ltr'>bland</span> <span class='ocrx_word' id='word_1_109' title='bbox 1384 1932 1537 1982; x_wconf 76' lang='lat' dir='ltr'>Forhandt</span> 
     </span>
     <span class='ocr_line' id='line_1_15' title="bbox 291 1996 1537 2080; baseline -0.001 -13"><span class='ocrx_word' id='word_1_110' title='bbox 291 2019 393 2068; x_wconf 78' lang='lat' dir='ltr'>mellan</span> <span class='ocrx_word' id='word_1_111' title='bbox 415 2018 526 2079; x_wconf 77' lang='lat' dir='ltr'>Srsrtge</span> <span class='ocrx_word' id='word_1_112' title='bbox 545 2016 597 2065; x_wconf 90' lang='lat' dir='ltr'>och</span> <span class='ocrx_word' id='word_1_113' title='bbox 616 2014 751 2064; x_wconf 78' lang='lat' dir='ltr'>Knrlcnd.</span> <span class='ocrx_word' id='word_1_114' title='bbox 786 1996 876 2064; x_wconf 69' lang='lat' dir='ltr'>luen</span> <span class='ocrx_word' id='word_1_115' title='bbox 893 2016 903 2063; x_wconf 88' lang='lat' dir='ltr'>l</span> <span class='ocrx_word' id='word_1_116' title='bbox 920 2014 941 2063; x_wconf 82' lang='lat' dir='ltr'>t.</span> <span class='ocrx_word' id='word_1_117' title='bbox 960 2013 986 2062; x_wconf 89' lang='lat' dir='ltr'>d.</span> <span class='ocrx_word' id='word_1_118' title='bbox 1006 2014 1163 2080; x_wconf 79' lang='lat' dir='ltr'>Herttgligs</span> <span class='ocrx_word' id='word_1_119' title='bbox 1180 2016 1295 2065; x_wconf 81' lang='lat' dir='ltr'>Arklvst</span> <span class='ocrx_word' id='word_1_120' title='bbox 1312 2018 1323 2065; x_wconf 84' lang='lat'>1</span> <span class='ocrx_word' id='word_1_121' title='bbox 1341 2016 1429 2065; x_wconf 78' lang='lat' dir='ltr'>Mttsn</span> <span class='ocrx_word' id='word_1_122' title='bbox 1449 2017 1537 2066; x_wconf 84' lang='lat' dir='ltr'>flnnes</span> 
     </span>
     <span class='ocr_line' id='line_1_16' title="bbox 290 2099 1342 2165; baseline -0.003 -15"><span class='ocrx_word' id='word_1_123' title='bbox 290 2117 323 2151; x_wconf 89' lang='lat' dir='ltr'>en</span> <span class='ocrx_word' id='word_1_124' title='bbox 342 2101 434 2165; x_wconf 81' lang='lat' dir='ltr'>kopis,</span> <span class='ocrx_word' id='word_1_125' title='bbox 452 2100 536 2164; x_wconf 62' lang='lat' dir='ltr'>inmte</span> <span class='ocrx_word' id='word_1_126' title='bbox 555 2101 677 2163; x_wconf 83' lang='lat' dir='ltr'>koncspt</span> <span class='ocrx_word' id='word_1_127' title='bbox 695 2099 740 2147; x_wconf 87' lang='lat' dir='ltr'>tlll</span> <span class='ocrx_word' id='word_1_128' title='bbox 758 2113 831 2159; x_wconf 86' lang='lat' dir='ltr'>svar,</span> <span class='ocrx_word' id='word_1_129' title='bbox 849 2099 906 2148; x_wconf 77' lang='lat' dir='ltr'>dat.</span> <span class='ocrx_word' id='word_1_130' title='bbox 926 2099 1074 2148; x_wconf 81' lang='lat' dir='ltr'>Grenshoff</span> <span class='ocrx_word' id='word_1_131' title='bbox 1092 2100 1117 2148; x_wconf 90' lang='lat' dir='ltr'>d.</span> <span class='ocrx_word' id='word_1_132' title='bbox 1137 2102 1168 2147; x_wconf 75' lang='lat'>28</span> <span class='ocrx_word' id='word_1_133' title='bbox 1187 2100 1248 2149; x_wconf 87' lang='lat' dir='ltr'>Jan.</span> <span class='ocrx_word' id='word_1_134' title='bbox 1270 2103 1342 2149; x_wconf 76' lang='lat'>1626.</span> 
     </span>
    </p>
   </div>
   <div class='ocr_carea' id='block_1_6' title="bbox 811 2301 1010 2309">
    <p class='ocr_par' dir='ltr' id='par_1_6' title="bbox 811 2301 1010 2309">
     <span class='ocr_line' id='line_1_17' title="bbox 811 2301 1010 2309; baseline 0.01 -2"><span class='ocrx_word' id='word_1_135' title='bbox 811 2301 1010 2309; x_wconf 74' lang='grc'>---.</span> 
     </span>
    </p>
   </div>
   <div class='ocr_carea' id='block_1_7' title="bbox 288 2583 1538 2759">
    <p class='ocr_par' dir='ltr' id='par_1_7' title="bbox 288 2583 1538 2759">
     <span class='ocr_line' id='line_1_18' title="bbox 288 2583 1537 2647; baseline 0.001 -2"><span class='ocrx_word' id='word_1_136' title='bbox 288 2592 363 2646; x_wconf 79' lang='grc'><strong>149.</strong></span> <span class='ocrx_word' id='word_1_137' title='bbox 406 2590 522 2645; x_wconf 74' lang='lat' dir='ltr'>sumta</span> <span class='ocrx_word' id='word_1_138' title='bbox 554 2589 661 2644; x_wconf 81' lang='lat' dir='ltr'>Jacob</span> <span class='ocrx_word' id='word_1_139' title='bbox 693 2588 743 2643; x_wconf 89' lang='lat' dir='ltr'>De</span> <span class='ocrx_word' id='word_1_140' title='bbox 776 2589 812 2643; x_wconf 91' lang='lat' dir='ltr'>la</span> <span class='ocrx_word' id='word_1_141' title='bbox 844 2587 969 2645; x_wconf 78' lang='lat' dir='ltr'>Gar-dte</span> <span class='ocrx_word' id='word_1_142' title='bbox 1003 2588 1062 2645; x_wconf 83' lang='lat' dir='ltr'>tul</span> <span class='ocrx_word' id='word_1_143' title='bbox 1094 2583 1193 2646; x_wconf 64' lang='lat' dir='ltr'>ridet</span> <span class='ocrx_word' id='word_1_144' title='bbox 1219 2590 1285 2646; x_wconf 89' lang='lat' dir='ltr'>och</span> <span class='ocrx_word' id='word_1_145' title='bbox 1311 2590 1537 2647; x_wconf 73' lang='lat' dir='ltr'>stendernat</span> 
     </span>
     <span class='ocr_line' id='line_1_19' title="bbox 408 2689 1538 2759; baseline 0.003 -14"><span class='ocrx_word' id='word_1_146' title='bbox 408 2691 514 2746; x_wconf 86' lang='lat' dir='ltr'>Polen</span> <span class='ocrx_word' id='word_1_147' title='bbox 537 2689 603 2746; x_wconf 85' lang='lat' dir='ltr'>och</span> <span class='ocrx_word' id='word_1_148' title='bbox 624 2690 807 2746; x_wconf 83' lang='lat' dir='ltr'>Lithanen.</span> <span class='ocrx_word' id='word_1_149' title='bbox 1128 2689 1215 2759; x_wconf 71' lang='lat' dir='ltr'>nga</span> <span class='ocrx_word' id='word_1_150' title='bbox 1235 2691 1269 2747; x_wconf 82' lang='lat' dir='ltr'>d.</span> <span class='ocrx_word' id='word_1_151' title='bbox 1291 2694 1315 2745; x_wconf 82' lang='lat'>4</span> <span class='ocrx_word' id='word_1_152' title='bbox 1337 2690 1414 2747; x_wconf 81' lang='lat' dir='ltr'>Jan.</span> <span class='ocrx_word' id='word_1_153' title='bbox 1439 2694 1538 2749; x_wconf 78' lang='lat' dir='ltr'>leno.</span> 
     </span>
    </p>
   </div>
   <div class='ocr_carea' id='block_1_8' title="bbox 289 2904 1536 3137">
    <p class='ocr_par' dir='ltr' id='par_1_8' title="bbox 289 2904 1536 3137">
     <span class='ocr_line' id='line_1_20' title="bbox 289 2904 1536 2969; baseline 0.001 -15"><span class='ocrx_word' id='word_1_154' title='bbox 289 2906 382 2955; x_wconf 81' lang='lat' dir='ltr'>Itharn</span> <span class='ocrx_word' id='word_1_155' title='bbox 401 2905 649 2969; x_wconf 77' lang='lat' dir='ltr'>tbrhsndlingarns</span> <span class='ocrx_word' id='word_1_156' title='bbox 667 2920 709 2953; x_wconf 90' lang='lat' dir='ltr'>orn</span> <span class='ocrx_word' id='word_1_157' title='bbox 729 2904 791 2953; x_wconf 85' lang='lat' dir='ltr'>lred</span> <span class='ocrx_word' id='word_1_158' title='bbox 810 2904 913 2954; x_wconf 85' lang='lat' dir='ltr'>ditttlls</span> <span class='ocrx_word' id='word_1_159' title='bbox 931 2906 1002 2954; x_wconf 77' lang='lat' dir='ltr'>torst</span> <span class='ocrx_word' id='word_1_160' title='bbox 1020 2904 1155 2954; x_wconf 78' lang='lat' dir='ltr'>torhalsts</span> <span class='ocrx_word' id='word_1_161' title='bbox 1169 2905 1198 2954; x_wconf 78' lang='lat' dir='ltr'>st</span> <span class='ocrx_word' id='word_1_162' title='bbox 1210 2906 1244 2954; x_wconf 83' lang='lat' dir='ltr'>ds</span> <span class='ocrx_word' id='word_1_163' title='bbox 1257 2905 1361 2969; x_wconf 80' lang='lat' dir='ltr'>polske,</span> <span class='ocrx_word' id='word_1_164' title='bbox 1375 2907 1536 2957; x_wconf 82' lang='lat' dir='ltr'>sedermers</span> 
     </span>
     <span class='ocr_line' id='line_1_21' title="bbox 373 2987 1536 3054; baseline 0.002 -17"><span class='ocrx_word' id='word_1_165' title='bbox 373 2991 515 3049; x_wconf 82' lang='lat' dir='ltr'>sfbrntlts,</span> <span class='ocrx_word' id='word_1_166' title='bbox 541 3003 606 3038; x_wconf 88' lang='lat' dir='ltr'>vore</span> <span class='ocrx_word' id='word_1_167' title='bbox 632 2988 800 3036; x_wconf 83' lang='lat' dir='ltr'>svcnskarne</span> <span class='ocrx_word' id='word_1_168' title='bbox 828 2987 951 3050; x_wconf 74' lang='lat' dir='ltr'>altijamc</span> <span class='ocrx_word' id='word_1_169' title='bbox 973 2987 1067 3051; x_wconf 80' lang='lat' dir='ltr'>vllliga</span> <span class='ocrx_word' id='word_1_170' title='bbox 1085 2994 1127 3037; x_wconf 89' lang='lat' dir='ltr'>att</span> <span class='ocrx_word' id='word_1_171' title='bbox 1146 2987 1329 3051; x_wconf 75' lang='lat' dir='ltr'>dterupptags</span> <span class='ocrx_word' id='word_1_172' title='bbox 1347 2990 1410 3038; x_wconf 88' lang='lat' dir='ltr'>dem</span> <span class='ocrx_word' id='word_1_173' title='bbox 1430 2991 1467 3054; x_wconf 82' lang='lat' dir='ltr'>pt</span> <span class='ocrx_word' id='word_1_174' title='bbox 1484 2992 1536 3039; x_wconf 88' lang='lat' dir='ltr'>bll-</span> 
     </span>
     <span class='ocr_line' id='line_1_22' title="bbox 373 3073 553 3137; baseline 0 -17"><span class='ocrx_word' id='word_1_175' title='bbox 373 3074 429 3137; x_wconf 82' lang='lat' dir='ltr'>liga</span> <span class='ocrx_word' id='word_1_176' title='bbox 448 3073 553 3122; x_wconf 84' lang='lat' dir='ltr'>vlllkor.</span> 
     </span>
    </p>
   </div>
   <div class='ocr_carea' id='block_1_9' title="bbox 536 3217 1281 3305">
    <p class='ocr_par' dir='ltr' id='par_1_9' title="bbox 536 3217 1281 3305">
     <span class='ocr_line' id='line_1_23' title="bbox 536 3217 1281 3305; baseline 0 -24"><span class='ocrx_word' id='word_1_177' title='bbox 536 3218 604 3281; x_wconf 92' lang='lat' dir='ltr'>Nos</span> <span class='ocrx_word' id='word_1_178' title='bbox 626 3217 742 3303; x_wconf 83' lang='lat' dir='ltr'>inclyti</span> <span class='ocrx_word' id='word_1_179' title='bbox 764 3217 871 3305; x_wconf 82' lang='lat' dir='ltr'>Regni</span> <span class='ocrx_word' id='word_1_180' title='bbox 894 3217 1016 3283; x_wconf 81' lang='lat' dir='ltr'>Sueciae</span> <span class='ocrx_word' id='word_1_181' title='bbox 1038 3218 1207 3283; x_wconf 74' lang='lat' dir='ltr'>Senatores</span> <span class='ocrx_word' id='word_1_182' title='bbox 1228 3230 1281 3283; x_wconf 80' lang='lat' dir='ltr'>etc.</span> 
     </span>
    </p>
   </div>
   <div class='ocr_carea' id='block_1_10' title="bbox 285 3334 1534 4707">
    <p class='ocr_par' dir='ltr' id='par_1_10' title="bbox 285 3334 1534 4707">
     <span class='ocr_line' id='line_1_24' title="bbox 373 3334 1534 3424; baseline 0.003 -24"><span class='ocrx_word' id='word_1_183' title='bbox 373 3335 551 3423; x_wconf 81' lang='lat' dir='ltr'>Exegimus</span> <span class='ocrx_word' id='word_1_184' title='bbox 574 3334 660 3399; x_wconf 89' lang='lat' dir='ltr'>hunc</span> <span class='ocrx_word' id='word_1_185' title='bbox 684 3358 803 3399; x_wconf 89' lang='lat' dir='ltr'>annum</span> <span class='ocrx_word' id='word_1_186' title='bbox 825 3336 911 3400; x_wconf 86' lang='lat' dir='ltr'>inter</span> <span class='ocrx_word' id='word_1_187' title='bbox 933 3358 1030 3411; x_wconf 84' lang='lat' dir='ltr'>arma,</span> <span class='ocrx_word' id='word_1_188' title='bbox 1047 3358 1111 3399; x_wconf 90' lang='lat' dir='ltr'>non</span> <span class='ocrx_word' id='word_1_189' title='bbox 1127 3335 1215 3409; x_wconf 89' lang='lat' dir='ltr'>belli,</span> <span class='ocrx_word' id='word_1_190' title='bbox 1233 3336 1288 3400; x_wconf 87' lang='lat' dir='ltr'>sed</span> <span class='ocrx_word' id='word_1_191' title='bbox 1305 3337 1393 3422; x_wconf 82' lang='lat' dir='ltr'>pacis</span> <span class='ocrx_word' id='word_1_192' title='bbox 1408 3337 1534 3424; x_wconf 81' lang='lat' dir='ltr'>cupidi.</span> 
     </span>
     <span class='ocr_line' id='line_1_25' title="bbox 287 3435 1534 3522; baseline 0.001 -21"><span class='ocrx_word' id='word_1_193' title='bbox 287 3437 471 3501; x_wconf 79' lang='lat' dir='ltr'>Necessitas</span> <span class='ocrx_word' id='word_1_194' title='bbox 503 3449 685 3521; x_wconf 88' lang='lat' dir='ltr'>temporum</span> <span class='ocrx_word' id='word_1_195' title='bbox 715 3438 869 3522; x_wconf 88' lang='lat' dir='ltr'>justaque</span> <span class='ocrx_word' id='word_1_196' title='bbox 903 3436 1000 3500; x_wconf 88' lang='lat' dir='ltr'>tuitio</span> <span class='ocrx_word' id='word_1_197' title='bbox 1033 3435 1145 3512; x_wconf 87' lang='lat' dir='ltr'>nostri,</span> <span class='ocrx_word' id='word_1_198' title='bbox 1179 3459 1252 3499; x_wconf 91' lang='lat' dir='ltr'>cum</span> <span class='ocrx_word' id='word_1_199' title='bbox 1282 3435 1372 3500; x_wconf 90' lang='lat' dir='ltr'>nulla</span> <span class='ocrx_word' id='word_1_200' title='bbox 1392 3438 1534 3502; x_wconf 76' lang='lat' dir='ltr'>facultas</span> 
     </span>
     <span class='ocr_line' id='line_1_26' title="bbox 287 3536 1534 3624; baseline 0.003 -24"><span class='ocrx_word' id='word_1_201' title='bbox 287 3536 426 3624; x_wconf 80' lang='lat' dir='ltr'>legitimi</span> <span class='ocrx_word' id='word_1_202' title='bbox 449 3550 603 3601; x_wconf 90' lang='lat' dir='ltr'>tractatus</span> <span class='ocrx_word' id='word_1_203' title='bbox 627 3550 699 3623; x_wconf 89' lang='lat' dir='ltr'>post</span> <span class='ocrx_word' id='word_1_204' title='bbox 721 3538 819 3601; x_wconf 85' lang='lat' dir='ltr'>toties</span> <span class='ocrx_word' id='word_1_205' title='bbox 842 3559 880 3600; x_wconf 91' lang='lat' dir='ltr'>eo</span> <span class='ocrx_word' id='word_1_206' title='bbox 903 3536 1032 3600; x_wconf 90' lang='lat' dir='ltr'>nomine</span> <span class='ocrx_word' id='word_1_207' title='bbox 1054 3537 1206 3622; x_wconf 88' lang='lat' dir='ltr'>repetitas</span> <span class='ocrx_word' id='word_1_208' title='bbox 1227 3536 1374 3600; x_wconf 84' lang='lat' dir='ltr'>inducias</span> <span class='ocrx_word' id='word_1_209' title='bbox 1390 3539 1534 3616; x_wconf 85' lang='lat' dir='ltr'>daretur,</span> 
     </span>
     <span class='ocr_line' id='line_1_27' title="bbox 287 3636 1532 3723; baseline 0.003 -22"><span class='ocrx_word' id='word_1_210' title='bbox 287 3636 446 3723; x_wconf 86' lang='lat' dir='ltr'>compulit</span> <span class='ocrx_word' id='word_1_211' title='bbox 478 3637 508 3701; x_wconf 84' lang='lat' dir='ltr'>S.</span> <span class='ocrx_word' id='word_1_212' title='bbox 538 3638 576 3702; x_wconf 79' lang='lat' dir='ltr'>R.</span> <span class='ocrx_word' id='word_1_213' title='bbox 604 3636 725 3713; x_wconf 70' lang='lat' dir='ltr'>litem,</span> <span class='ocrx_word' id='word_1_214' title='bbox 752 3638 863 3700; x_wconf 73' lang='lat' dir='ltr'>dznum</span> <span class='ocrx_word' id='word_1_215' title='bbox 892 3649 1033 3700; x_wconf 90' lang='lat' dir='ltr'>nostrum</span> <span class='ocrx_word' id='word_1_216' title='bbox 1057 3636 1353 3715; x_wconf 86' lang='lat' dir='ltr'>clementissimum,</span> <span class='ocrx_word' id='word_1_217' title='bbox 1376 3640 1410 3702; x_wconf 90' lang='lat' dir='ltr'>in</span> <span class='ocrx_word' id='word_1_218' title='bbox 1434 3664 1532 3705; x_wconf 84' lang='lat' dir='ltr'>arma.</span> 
     </span>
     <span class='ocr_line' id='line_1_28' title="bbox 288 3736 1533 3825; baseline 0.002 -23"><span class='ocrx_word' id='word_1_219' title='bbox 288 3742 351 3803; x_wconf 78' lang='lat' dir='ltr'>Ast</span> <span class='ocrx_word' id='word_1_220' title='bbox 372 3760 444 3801; x_wconf 90' lang='lat' dir='ltr'>cum</span> <span class='ocrx_word' id='word_1_221' title='bbox 467 3761 540 3825; x_wconf 90' lang='lat' dir='ltr'>spes</span> <span class='ocrx_word' id='word_1_222' title='bbox 563 3737 698 3802; x_wconf 89' lang='lat' dir='ltr'>subinde</span> <span class='ocrx_word' id='word_1_223' title='bbox 713 3737 908 3809; x_wconf 85' lang='lat' dir='ltr'>iniiceretur,</span> <span class='ocrx_word' id='word_1_224' title='bbox 926 3738 1161 3802; x_wconf 72' lang='lat' dir='ltr'>commissarios</span> <span class='ocrx_word' id='word_1_225' title='bbox 1177 3736 1403 3825; x_wconf 84' lang='lat' dir='ltr'>Reipub[lioae]</span> <span class='ocrx_word' id='word_1_226' title='bbox 1417 3758 1533 3805; x_wconf 77' lang='lat' dir='ltr'>vestras</span> 
     </span>
     <span class='ocr_line' id='line_1_29' title="bbox 287 3838 1531 3926; baseline 0.001 -22"><span class='ocrx_word' id='word_1_227' title='bbox 287 3839 375 3904; x_wconf 89' lang='lat' dir='ltr'>brevi</span> <span class='ocrx_word' id='word_1_228' title='bbox 403 3840 644 3925; x_wconf 81' lang='lat' dir='ltr'>comperituros,</span> <span class='ocrx_word' id='word_1_229' title='bbox 668 3840 736 3923; x_wconf 85' lang='lat' dir='ltr'>jem</span> <span class='ocrx_word' id='word_1_230' title='bbox 761 3859 836 3901; x_wconf 90' lang='lat' dir='ltr'>suos</span> <span class='ocrx_word' id='word_1_231' title='bbox 859 3838 1080 3925; x_wconf 87' lang='lat' dir='ltr'>deputaverat,</span> <span class='ocrx_word' id='word_1_232' title='bbox 1105 3840 1160 3926; x_wconf 89' lang='lat' dir='ltr'>qni</span> <span class='ocrx_word' id='word_1_233' title='bbox 1183 3862 1313 3925; x_wconf 86' lang='lat' dir='ltr'>operam</span> <span class='ocrx_word' id='word_1_234' title='bbox 1336 3841 1450 3903; x_wconf 86' lang='lat' dir='ltr'>darent</span> <span class='ocrx_word' id='word_1_235' title='bbox 1472 3841 1531 3905; x_wconf 90' lang='lat' dir='ltr'>tol·</span> 
     </span>
     <span class='ocr_line' id='line_1_30' title="bbox 287 3938 1530 4026; baseline 0.001 -23"><span class='ocrx_word' id='word_1_236' title='bbox 287 3939 390 4003; x_wconf 88' lang='lat' dir='ltr'>lendis</span> <span class='ocrx_word' id='word_1_237' title='bbox 417 3938 597 4003; x_wconf 93' lang='lat' dir='ltr'>inimicitiis</span> <span class='ocrx_word' id='word_1_238' title='bbox 624 3939 864 4025; x_wconf 80' lang='lat' dir='ltr'>stetueudaeque</span> <span class='ocrx_word' id='word_1_239' title='bbox 892 3940 1122 4026; x_wconf 83' lang='lat' dir='ltr'>tranquillitati</span> <span class='ocrx_word' id='word_1_240' title='bbox 1149 3962 1330 4024; x_wconf 74' lang='lat' dir='ltr'>regnorum,</span> <span class='ocrx_word' id='word_1_241' title='bbox 1353 3962 1474 4026; x_wconf 87' lang='lat' dir='ltr'>eosque</span> <span class='ocrx_word' id='word_1_242' title='bbox 1497 3942 1530 4005; x_wconf 90' lang='lat' dir='ltr'>in</span> 
     </span>
     <span class='ocr_line' id='line_1_31' title="bbox 287 4039 1530 4127; baseline 0.002 -24"><span class='ocrx_word' id='word_1_243' title='bbox 287 4040 398 4103; x_wconf 86' lang='lat' dir='ltr'>castris</span> <span class='ocrx_word' id='word_1_244' title='bbox 427 4052 542 4126; x_wconf 84' lang='lat' dir='ltr'>praesto</span> <span class='ocrx_word' id='word_1_245' title='bbox 564 4062 632 4104; x_wconf 90' lang='lat' dir='ltr'>esse</span> <span class='ocrx_word' id='word_1_246' title='bbox 650 4039 758 4124; x_wconf 90' lang='lat' dir='ltr'>jussit.</span> <span class='ocrx_word' id='word_1_247' title='bbox 805 4041 978 4126; x_wconf 90' lang='lat' dir='ltr'>Postquam</span> <span class='ocrx_word' id='word_1_248' title='bbox 1001 4041 1103 4126; x_wconf 83' lang='lat' dir='ltr'>igitur</span> <span class='ocrx_word' id='word_1_249' title='bbox 1124 4063 1219 4103; x_wconf 88' lang='lat' dir='ltr'>omns</span> <span class='ocrx_word' id='word_1_250' title='bbox 1241 4042 1302 4104; x_wconf 86' lang='lat' dir='ltr'>hoc</span> <span class='ocrx_word' id='word_1_251' title='bbox 1325 4055 1454 4127; x_wconf 90' lang='lat' dir='ltr'>tempus</span> <span class='ocrx_word' id='word_1_252' title='bbox 1478 4043 1530 4106; x_wconf 86' lang='lat' dir='ltr'>ab·</span> 
     </span>
     <span class='ocr_line' id='line_1_32' title="bbox 287 4140 1529 4229; baseline 0.004 -27"><span class='ocrx_word' id='word_1_253' title='bbox 287 4154 452 4225; x_wconf 91' lang='lat' dir='ltr'>sumptum</span> <span class='ocrx_word' id='word_1_254' title='bbox 475 4140 592 4204; x_wconf 87' lang='lat' dir='ltr'>frustra</span> <span class='ocrx_word' id='word_1_255' title='bbox 614 4153 671 4217; x_wconf 88' lang='lat' dir='ltr'>est,</span> <span class='ocrx_word' id='word_1_256' title='bbox 694 4141 822 4204; x_wconf 88' lang='lat' dir='ltr'>nemine</span> <span class='ocrx_word' id='word_1_257' title='bbox 845 4153 1050 4226; x_wconf 87' lang='lat' dir='ltr'>comparente</span> <span class='ocrx_word' id='word_1_258' title='bbox 1073 4142 1270 4218; x_wconf 85' lang='lat' dir='ltr'>vestratium,</span> <span class='ocrx_word' id='word_1_259' title='bbox 1288 4142 1393 4228; x_wconf 90' lang='lat' dir='ltr'>quise</span> <span class='ocrx_word' id='word_1_260' title='bbox 1412 4143 1529 4229; x_wconf 81' lang='lat' dir='ltr'>agendi</span> 
     </span>
     <span class='ocr_line' id='line_1_33' title="bbox 287 4240 1529 4325; baseline 0.002 -22"><span class='ocrx_word' id='word_1_261' title='bbox 287 4252 477 4325; x_wconf 76' lang='lat' dir='ltr'>potestatem</span> <span class='ocrx_word' id='word_1_262' title='bbox 510 4240 626 4304; x_wconf 84' lang='lat' dir='ltr'>habere</span> <span class='ocrx_word' id='word_1_263' title='bbox 660 4240 852 4315; x_wconf 81' lang='lat' dir='ltr'>ostenderet,</span> <span class='ocrx_word' id='word_1_264' title='bbox 880 4240 935 4304; x_wconf 87' lang='lat' dir='ltr'>sed</span> <span class='ocrx_word' id='word_1_265' title='bbox 962 4240 1097 4304; x_wconf 88' lang='lat' dir='ltr'>subinde</span> <span class='ocrx_word' id='word_1_266' title='bbox 1124 4240 1204 4304; x_wconf 90' lang='lat' dir='ltr'>alios</span> <span class='ocrx_word' id='word_1_267' title='bbox 1227 4241 1455 4306; x_wconf 89' lang='lat' dir='ltr'>subsecuturos</span> <span class='ocrx_word' id='word_1_268' title='bbox 1478 4244 1529 4307; x_wconf 86' lang='lat' dir='ltr'>ad·</span> 
     </span>
     <span class='ocr_line' id='line_1_34' title="bbox 286 4340 1528 4427; baseline 0.002 -22"><span class='ocrx_word' id='word_1_269' title='bbox 286 4355 438 4416; x_wconf 85' lang='lat' dir='ltr'>sererent,</span> <span class='ocrx_word' id='word_1_270' title='bbox 471 4340 613 4427; x_wconf 88' lang='lat' dir='ltr'>ipsisque</span> <span class='ocrx_word' id='word_1_271' title='bbox 647 4340 787 4406; x_wconf 86' lang='lat' dir='ltr'>tandem.</span> <span class='ocrx_word' id='word_1_272' title='bbox 822 4356 859 4406; x_wconf 90' lang='lat' dir='ltr'>ut</span> <span class='ocrx_word' id='word_1_273' title='bbox 884 4343 995 4417; x_wconf 83' lang='lat' dir='ltr'>fertur,</span> <span class='ocrx_word' id='word_1_274' title='bbox 1024 4341 1283 4419; x_wconf 82' lang='lat' dir='ltr'>adventantibus,</span> <span class='ocrx_word' id='word_1_275' title='bbox 1310 4342 1373 4405; x_wconf 81' lang='lat' dir='ltr'>alia</span> <span class='ocrx_word' id='word_1_276' title='bbox 1400 4344 1467 4408; x_wconf 89' lang='lat' dir='ltr'>siut</span> <span class='ocrx_word' id='word_1_277' title='bbox 1488 4366 1528 4407; x_wconf 81' lang='lat' dir='ltr'>ex</span> 
     </span>
     <span class='ocr_line' id='line_1_35' title="bbox 286 4440 1528 4528; baseline 0.002 -24"><span class='ocrx_word' id='word_1_278' title='bbox 286 4440 461 4526; x_wconf 86' lang='lat' dir='ltr'>improviso</span> <span class='ocrx_word' id='word_1_279' title='bbox 482 4442 602 4506; x_wconf 88' lang='lat' dir='ltr'>iniecta</span> <span class='ocrx_word' id='word_1_280' title='bbox 623 4442 865 4527; x_wconf 85' lang='lat' dir='ltr'>impedimenta,</span> <span class='ocrx_word' id='word_1_281' title='bbox 888 4466 959 4528; x_wconf 84' lang='lat' dir='ltr'>quae</span> <span class='ocrx_word' id='word_1_282' title='bbox 979 4443 1076 4507; x_wconf 88' lang='lat' dir='ltr'>telam</span> <span class='ocrx_word' id='word_1_283' title='bbox 1092 4443 1392 4507; x_wconf 80' lang='lat' dir='ltr'>communicationis</span> <span class='ocrx_word' id='word_1_284' title='bbox 1409 4458 1528 4509; x_wconf 74' lang='lat' dir='ltr'>mutuas</span> 
     </span>
     <span class='ocr_line' id='line_1_36' title="bbox 285 4540 1528 4631; baseline 0.003 -27"><span class='ocrx_word' id='word_1_285' title='bbox 285 4542 381 4606; x_wconf 89' lang='lat' dir='ltr'>initio</span> <span class='ocrx_word' id='word_1_286' title='bbox 414 4540 593 4619; x_wconf 79' lang='lat' dir='ltr'>turbarunt,</span> <span class='ocrx_word' id='word_1_287' title='bbox 627 4544 832 4628; x_wconf 88' lang='lat' dir='ltr'>postmodum</span> <span class='ocrx_word' id='word_1_288' title='bbox 866 4544 1072 4630; x_wconf 88' lang='lat' dir='ltr'>abruperunt,</span> <span class='ocrx_word' id='word_1_289' title='bbox 1101 4543 1200 4607; x_wconf 86' lang='lat' dir='ltr'>altum</span> <span class='ocrx_word' id='word_1_290' title='bbox 1227 4544 1292 4608; x_wconf 88' lang='lat' dir='ltr'>fuit</span> <span class='ocrx_word' id='word_1_291' title='bbox 1313 4544 1467 4631; x_wconf 88' lang='lat' dir='ltr'>utrinqne</span> <span class='ocrx_word' id='word_1_292' title='bbox 1489 4545 1528 4608; x_wconf 89' lang='lat' dir='ltr'>si·</span> 
     </span>
     <span class='ocr_line' id='line_1_37' title="bbox 286 4643 433 4707; baseline 0 -1"><span class='ocrx_word' id='word_1_293' title='bbox 286 4643 433 4707; x_wconf 88' lang='lat' dir='ltr'>lentium.</span> 
     </span>
    </p>
   </div>
   <div class='ocr_carea' id='block_1_11' title="bbox 0 0 1626 5334">
    <p class='ocr_par' dir='ltr' id='par_1_11' title="bbox 0 0 1626 5334">
     <span class='ocr_line' id='line_1_38' title="bbox 0 0 1626 5334; baseline 0 2"><span class='ocrx_word' id='word_1_294' title='bbox 0 0 1626 5334; x_wconf 95' lang='lat' dir='ltr'> </span> 
     </span>
    </p>
   </div>
  </div>
 </body>
</html>
