3314 5362
1172 466 1176 475 ¹
1251 439 1311 503 135

107 620 183 685 gum
218 610 389 684 protracta,
423 613 460 665 ut
492 600 568 667 inde
599 601 692 666 nobis
721 602 897 666 innumeras
919 602 1125 669 difficultates
1147 605 1354 685 accreverint,

106 699 255 785 inprimis
289 698 374 787 quod
407 700 440 763 in
474 701 536 765 ista
568 724 674 767 rerum
700 702 929 768 incertitudine
956 727 1016 768 neo
1039 704 1154 769 Poloni
1177 706 1354 772 amicitiam

106 797 253 883 impense
277 822 426 885 querere,
449 825 508 866 neo
531 802 783 890 cogitat-ionibus
805 802 991 890 viribusque
1014 805 1163 870 omnibus
1183 806 1217 870 in
1233 807 1355 871 bellum

107 900 307 985 propendere
331 900 470 966 licuerit.

189 1000 296 1064 Erant
317 1002 410 1066 nobis
432 1003 570 1067 induciae
592 1027 667 1068 cum
691 1003 822 1068 Polonis
845 1003 885 1069 ad
909 1008 925 1069 1
949 1005 1044 1070 danii
1066 1006 1163 1070 huius
1186 1008 1271 1087 anni,
1295 1008 1355 1074 hac

108 1101 235 1165 adiecta
269 1102 464 1179 conditione,
499 1116 543 1182 ut,
577 1104 640 1168 nisi
673 1105 828 1170 alterutra
861 1128 933 1192 pars
967 1106 1050 1170 binis
1085 1121 1159 1173 ante
1189 1109 1354 1174 mensibus

108 1201 198 1266 alteri
234 1202 356 1266 bellum
391 1203 609 1281 denunciaret,
637 1204 775 1269 inducite
798 1207 962 1293 usquead
987 1210 1004 1270 l
1028 1207 1354 1296 duuiian[ni]1626

109 1318 289 1391 prorogatae
322 1318 540 1368 censerentur.
594 1305 664 1369 Hac
698 1320 881 1391 poteramus
907 1307 971 1371 frui
998 1309 1242 1395 tranquillitate,
1266 1310 1355 1374 colli·

109 1404 222 1490 gendis
260 1404 489 1490 firmandisque
527 1405 649 1469 viribus
684 1407 800 1471 nostris
837 1406 971 1486 intenti3
1007 1409 1062 1472 sed
1099 1433 1173 1474 cum
1211 1410 1250 1476 ad
1286 1433 1354 1475 rem

108 1528 310 1568 communem
345 1504 376 1568 S.
409 1506 447 1570 R.
482 1506 577 1570 Mttss
611 1506 753 1572 animum
784 1507 972 1593 adpulisset,
996 1508 1128 1587 incerta,
1151 1525 1275 1576 essetne
1298 1534 1356 1597 per

110 1605 276 1670 Poloniam
300 1606 581 1693 progrediendum,
605 1620 701 1693 atque
724 1607 871 1695 inprimis
893 1632 936 1674 ex
959 1632 997 1673 eo
1020 1623 1174 1697 tempore,
1197 1635 1262 1698 quo
1285 1613 1356 1677 Rex

111 1707 220 1770 Daniae
244 1706 350 1770 eidem
373 1707 508 1793 negocio
531 1706 702 1794 invigilare
725 1709 810 1772 velle
833 1708 922 1773 visus
945 1724 1002 1788 est,
1025 1723 1095 1775 tum
1118 1714 1202 1798 quod
1224 1736 1263 1776 eo
1278 1737 1354 1779 casu

110 1823 231 1872 certum
254 1806 285 1870 S.
309 1807 347 1871 R.
371 1807 475 1887 lllztas,
499 1832 563 1872 non
586 1808 790 1874 obstantibus
805 1809 955 1886 induciis,
971 1810 1034 1874 sibi
1048 1812 1170 1876 bellum
1185 1813 1354 1880 imminere

111 1909 203 1972 sciret
236 1931 255 1971 a
289 1908 421 1986 Polono,
455 1909 541 1973 haud
574 1923 645 1973 rata
671 1923 721 1973 est
747 1932 816 1975 esse
844 1934 886 1975 ex
913 1912 1050 1976 candore
1073 1925 1107 1976 et
1127 1937 1188 1978 usu
1210 1938 1269 1978 suo
1290 1915 1354 1979 nisi

112 2009 231 2073 sincere
264 2021 299 2072 et
328 2022 438 2094 aperte
459 2033 563 2096 agere,
586 2009 722 2096 ideoque
745 2010 833 2076 hisce
855 2010 993 2076 induciis
1015 2013 1049 2075 in
1072 2026 1216 2100 ternpore
1239 2039 1354 2080 renun-

112 2108 260 2174 ciandum
296 2109 432 2195 putavit,
465 2123 502 2173 ut
534 2111 587 2176 vel
620 2110 777 2177 firmiores
810 2112 1047 2200 securioresque
1082 2114 1242 2180 obtineret
1269 2115 1353 2181 datis

112 2210 260 2296 utrinque
289 2209 524 2289 commissariis,
551 2211 604 2275 vel
626 2211 747 2276 bellum
766 2214 893 2296 justum
916 2213 1059 2278 haberet.
1103 2218 1167 2280 Ast
1189 2216 1277 2302 prius
1300 2217 1354 2281 ob·

112 2311 209 2375 tinere
240 2334 307 2376 non
340 2311 445 2387 licuit,
478 2335 552 2376 cum
580 2311 735 2376 hactenus
762 2314 790 2376 is
813 2312 885 2376 finis
908 2314 1050 2378 omnium
1075 2330 1271 2381 tractatuum
1294 2317 1354 2381 Po·

111 2410 285 2476 lonicorum
320 2411 421 2476 fuerit
449 2412 573 2476 trahere
600 2412 862 2491 controversiam,
885 2413 1001 2478 lucrari
1024 2430 1153 2502 tempus
1176 2428 1210 2481 et
1233 2417 1353 2482 bellum

113 2510 147 2574 iu
173 2511 423 2576 commodiorem
451 2512 654 2577 occasionem
676 2514 820 2594 differre;
842 2515 876 2578 in
900 2514 1022 2579 bellum
1045 2515 1146 2603 igitur
1167 2517 1353 2594 incidimus,

114 2626 151 2675 ut
179 2613 253 2677 inde
286 2635 359 2676 cum
393 2611 513 2678 honore
541 2636 578 2677 ac
599 2614 716 2678 decoro
739 2614 779 2679 ad
802 2615 952 2701 pristinas
975 2619 1169 2683 cessantium
1193 2642 1353 2684 armorum

112 2714 315 2778 condiciones
337 2713 437 2779 relabi
461 2736 669 2800 nequeamus.

194 2814 322 2879 Interea
353 2828 478 2879 mutata
509 2816 542 2879 in
576 2816 699 2901 Anglia
727 2838 845 2903 magna
866 2816 916 2880 sui
939 2830 1027 2903 parte
1050 2833 1126 2882 sunt
1147 2819 1293 2896 consilia,
1317 2843 1353 2885 ac

114 2936 169 3000 per
197 2915 341 3003 legatum
374 2914 568 3003 d[omi]uum
597 2917 776 3002 Spensium,
799 2916 856 3004 qui
878 2918 948 3003 ipso
970 2917 1129 2984 discessus
1151 2942 1169 2983 a
1191 2920 1283 2983 nobis
1305 2920 1354 2984 tui

114 3029 270 3079 momento
294 3015 477 3091 advenerat,
497 3017 603 3082 verbis
624 3018 783 3103 expressis
800 3017 1027 3104 significatum,
1042 3019 1165 3105 Regem
1181 3020 1353 3084 Britanniae

114 3115 191 3179 nihil
223 3117 373 3202 amplius,
407 3140 502 3202 quam
530 3117 612 3205 Regi
640 3117 753 3183 Daniae
776 3119 975 3205 promissum,
998 3119 1061 3185 huo
1083 3122 1228 3185 conferre
1250 3144 1353 3207 posse,

114 3228 151 3279 ut
180 3216 314 3282 antehac
347 3217 461 3304 scripsi
494 3230 528 3282 et
560 3219 815 3304 propositionem
847 3219 927 3284 dicti
960 3220 1059 3306 legati
1092 3221 1154 3286 tibi
1176 3223 1353 3287 communi·

115 3317 228 3396 cavi¹).
285 3318 356 3382 Rex
390 3340 518 3405 quoque
553 3318 664 3383 Daniae
696 3343 755 3406 per
783 3320 891 3384 literas
914 3343 1035 3383 moram
1058 3323 1227 3387 excusavit
1238 3323 1275 3407 ²),
1298 3346 1354 3387 ne·

115 3418 303 3506 gociumque
336 3429 442 3483 totum
476 3419 508 3483 in
543 3420 709 3484 dominum
743 3434 836 3485 tuum
870 3421 1018 3497 coniecit,
1052 3434 1089 3486 ut
1123 3446 1186 3486 non
1221 3423 1353 3489 difficile

114 3516 207 3584 fuerit
229 3520 454 3596 coniecturari,
478 3521 535 3584 vix
558 3520 717 3607 placuisse
740 3522 918 3585 oblationes
941 3521 1038 3608 Regis
1060 3523 1133 3600 mei,
1152 3538 1248 3610 atque
1266 3525 1353 3589 harno

115 3640 227 3684 annum
256 3620 377 3685 frustra
398 3643 469 3685 curn
492 3636 602 3685 nostro
624 3622 818 3687 detrimento
841 3636 1066 3709 consumptum
1088 3624 1139 3688 iri.
1184 3624 1353 3712 Temporis

114 3717 210 3803 igitur
237 3734 271 3786 et
298 3719 482 3786 securitatis
504 3737 619 3786 nostrae
641 3722 789 3788 habenda
810 3724 892 3788 ratio
914 3723 993 3803 suit,
1016 3748 1154 3812 cumque
1177 3748 1194 3789 e
1216 3748 1295 3812 pace
1317 3726 1352 3789 in

114 3816 232 3884 bellum
253 3821 446 3885 Polonicum
468 3822 685 3899 inciderimus,
709 3823 740 3887 S.
763 3824 800 3888 R.
822 3824 916 3888 Mztas
932 3825 1122 3890 necessitate
1137 3840 1273 3913 cogente
1288 3826 1352 3890 huc

114 3917 149 3980 in
179 3921 344 3986 livoniam
378 3922 516 3999 traiecit,
542 3946 607 3986 uon
633 3923 716 3988 nihil
738 3925 835 3989 etiam
859 3938 947 3989 mota
967 3948 1094 3990 rumore
1116 3927 1353 4013 irrupturorum

114 4016 149 4081 in
175 4020 346 4087 Marchiam
371 4021 598 4101 Cosaclrorum,
621 4046 686 4112 quo
710 4024 768 4089 hos
790 4039 949 4090 averteret
972 4051 989 4091 s
1010 4025 1169 4090 limitibus
1191 4026 1352 4114 Principis

114 4120 175 4193 tui,
198 4145 232 4187 ao
259 4124 384 4211 Regem
413 4123 553 4187 Poloniae
579 4124 760 4211 impediret,
784 4149 824 4190 ne
847 4127 944 4191 rebus
966 4127 1013 4190 sic
1034 4126 1194 4191 stantibus
1216 4127 1352 4215 Ligistis

115 4242 174 4305 per
197 4222 396 4288 Germaniam
424 4224 577 4311 opitulari
603 4237 721 4311 posset.
770 4227 868 4290 Haud
891 4241 1000 4291 tamen
1023 4226 1053 4291 S.
1077 4228 1114 4291 R.
1138 4228 1233 4292 Mztas
1254 4228 1352 4314 depo·

116 4320 189 4396 snit,
209 4325 261 4388 sed
285 4326 453 4412 suspendit
474 4324 609 4390 consilia
631 4348 689 4412 pro
712 4349 745 4390 re
768 4327 932 4391 communi
953 4328 1159 4413 suscipienda
1174 4327 1208 4391 in
1224 4342 1352 4416 tempus

200 4559 217 4621 ¹)
233 4564 266 4615 Se
284 4565 369 4614 efran
387 4564 438 4613 ald.
457 4567 489 4613 82
507 4569 558 4615 not
573 4561 603 4625 ³).

199 4641 217 4706 ¹)
234 4647 265 4697 Se
285 4649 369 4699 otvan
386 4649 437 4698 sid.
457 4653 488 4698 96
507 4655 557 4699 not
577 4647 604 4709 ¹).
