3314 5362
355 454 416 519 148

396 628 555 677 Utanslrrilt
572 642 629 677 som
647 628 695 677 vid
712 626 882 690 teregdendo
901 627 970 675 bret.

395 729 475 778 llltor
501 728 703 792 manuskriptet
728 729 773 777 till
801 727 835 775 de
862 728 950 775 nuder
972 726 1021 775 N:o
1044 730 1075 774 49
1100 726 1266 775 omni'smnds
1287 728 1372 774 »Acta
1389 726 1412 772 lc
1430 724 1561 784 Licere»,

309 813 443 877 jamttrdt
467 812 528 861 med
552 813 699 876 attryckot.
736 812 749 861 1
767 810 969 872 manaslrrlptot
987 810 1038 859 har
1055 810 1187 859 kanslorn
1204 810 1392 873 egenhitudigt
1410 808 1490 872 gjort
1507 812 1560 858 rit·

310 897 396 948 telser
422 902 493 946 samt
515 896 609 959 tillsgt
629 896 755 959 toljaude
774 893 950 944 dlverskrilt:
977 894 1142 956 ›Responslo
1162 892 1326 943 cancellarii
1345 893 1435 954 Regnl
1454 894 1559 943 Suecioe

310 981 345 1031 ad
364 982 532 1044 posteriores
551 980 647 1030 llteras
665 979 784 1029 Palatini
802 977 1038 1027 Msclslavlensls.›

832 1164 1033 1171 ———-—-—-——-

309 1387 362 1442 74.
406 1385 474 1440 'I'lll
495 1388 527 1441 J.
550 1384 696 1440 Skumin
718 1383 953 1441 'l'isakiewioa
1025 1446 1030 1451 ,

872 1485 995 1555 Ltgret
1016 1483 1073 1539 vid
1093 1483 1213 1539 Birson
1234 1484 1268 1539 d.
1290 1485 1331 1539 sl
1352 1484 1440 1551 Aug.
1465 1487 1559 1540 1625.

309 1668 377 1717 Srar
399 1666 435 1731 pt
457 1669 527 1716 hans
545 1666 636 1729 tredje
654 1666 725 1716 brol.
761 1667 816 1714 For
833 1666 1022 1716 tredsrerkets
1040 1664 1205 1727 iramjandc
1222 1664 1337 1713 hvartlll
1357 1666 1393 1713 all
1413 1664 1562 1714 svenskar·

393 1766 443 1800 nos
470 1750 587 1812 gtrning
612 1750 736 1812 synode,
756 1751 876 1799 toresllsr
892 1750 1024 1799 kanslern
1041 1753 1083 1798 ett
1101 1751 1173 1798 moto
1192 1750 1294 1809 mellan
1312 1750 1354 1811 slg
1371 1748 1424 1797 och
1442 1749 1480 1808 8.,
1499 1764 1559 1798 som

393 1849 430 1884 nu
457 1835 467 1883 l
494 1833 643 1883 Sclrsdowo
666 1835 816 1883 lnvtntade
838 1835 898 1883 slna
916 1833 1047 1896 kolleger‚
1065 1840 1138 1881 samt
1155 1833 1254 1892 lotvar,
1273 1839 1331 1882 mot
1349 1832 1482 1882 llknsnde
1501 1834 1560 1883 tor·

393 1918 538 1982 pliktelser
564 1917 629 1967 trun
655 1918 737 1980 polsk
763 1917 833 1977 slda,
860 1917 941 1967 soler
967 1916 1023 1978 leid
1050 1916 1094 1966 tor
1115 1917 1176 1966 dem
1194 1917 1257 1966 med
1276 1920 1319 1966 ett
1336 1915 1406 1978 telje
1425 1917 1455 1965 at
1473 1918 1561 1981 hogst

393 2006 442 2051 400
462 2017 532 2051 man.

392 2131 495 2195 Sicuti
518 2131 601 2195 nihil
623 2132 724 2217 magis
747 2129 819 2217 paci
841 2131 1045 2207 contrarium,
1069 2153 1164 2216 quam
1189 2129 1318 2205 bellum,
1341 2130 1387 2193 ita
1402 2130 1486 2195 nihil
1503 2134 1560 2197 vel

307 2233 501 2297 humanitati
534 2232 790 2311 convenientius,
824 2254 921 2318 quam
954 2230 1039 2295 bella
1070 2253 1193 2316 gerere,
1225 2243 1262 2293 ut
1290 2252 1401 2317 pacem
1423 2231 1558 2309 habeas,

307 2334 360 2398 vel
392 2333 542 2397 humanis
574 2333 726 2420 gentibus
759 2332 919 2409 usitatius,
946 2355 1041 2418 quam
1068 2332 1153 2394 inter
1174 2354 1261 2395 arms
1283 2355 1377 2417 agere
1399 2333 1439 2396 de
1463 2355 1558 2419 pace.

308 2456 364 2520 per
385 2433 533 2497 inducias
554 2433 724 2521 denegata.
770 2432 855 2502 Belli
877 2433 944 2516 jam
968 2432 1090 2496 dudum
1114 2430 1145 2495 S.
1169 2432 1206 2496 R.
1230 2432 1325 2496 Mztas
1347 2434 1438 2497 dmus
1463 2457 1559 2499 meus

308 2532 578 2598 clementissimus
604 2548 757 2619 pertusus
780 2547 839 2598 est.
883 2533 997 2597 Passus
1020 2546 1069 2597 est
1090 2533 1188 2597 toties
1210 2534 1373 2620 prorogari
1394 2534 1557 2613 inducias,

309 2645 347 2698 ut
368 2648 451 2697 esset
473 2635 618 2720 spacium
640 2634 872 2699 controversias
894 2647 1019 2697 nostras
1042 2633 1269 2719 componendi3
1292 2634 1456 2721 aegerrime
1478 2636 1557 2711 fert,

309 2757 348 2798 eo
371 2757 405 2798 se
427 2735 627 2799 necessitatis
650 2736 809 2811 adactum,
833 2748 879 2809 nt,
902 2733 935 2796 ni
959 2746 1117 2820 perpetuo
1134 2734 1194 2798 sibi
1210 2734 1305 2799 illudi
1321 2735 1410 2809 volit,
1426 2735 1557 2801 cladem

308 2834 390 2899 hanc
423 2835 597 2921 provincias
630 2849 744 2900 vestrae
777 2836 896 2899 inferre
929 2848 1072 2923 cogatur.
1128 2834 1188 2899 Sed
1216 2858 1288 2898 oum
1312 2836 1437 2919 justum
1465 2839 1557 2922 pacis

308 2947 481 2998 tractatum
501 2958 564 2998 non
585 2935 756 3011 obtineret,
772 2937 973 3021 querendam
990 2959 1104 3023 pacem
1119 2936 1205 3000 inter
1219 2958 1307 3000 arma
1321 2936 1556 3024 securitatique

308 3047 408 3099 status
441 3035 491 3099 sui
525 3036 785 3123 prospiciendum
816 3036 953 3122 putavit.
998 3037 1084 3100 Mala
1105 3037 1131 3099 si
1154 3060 1225 3122 quae
1248 3036 1340 3100 vobis
1362 3036 1456 3100 illata
1479 3054 1557 3104 sunt

307 3149 364 3200 aut
396 3136 590 3214 inferuntur,
624 3160 688 3200 non
721 3137 823 3215 nobis,
858 3138 913 3201 sed
947 3138 1092 3201 osoribus
1126 3137 1368 3224 tranquillitatis
1397 3138 1497 3222 justae
1520 3141 1556 3205 in

307 3237 472 3322 republica
504 3257 611 3302 vestra
643 3237 758 3302 merito
791 3252 867 3302 sunt
892 3239 1109 3302 adscribenda.
1153 3241 1264 3324 Atque
1287 3238 1410 3302 utinam
1434 3241 1555 3320 oaeteri,

307 3337 363 3423 qui
397 3337 520 3424 aliquid
550 3354 684 3425 possunt
706 3338 740 3402 in
764 3339 837 3403 sula
857 3354 973 3414 vestra,
996 3351 1086 3403 tanto
1109 3339 1215 3404 studio
1238 3339 1374 3403 antehac
1396 3341 1556 3407 arsissent

306 3440 480 3525 negocium
503 3438 564 3503 hoc
588 3439 847 3515 commissoriale‚
869 3454 988 3526 quanto
1012 3463 1096 3504 nunc
1119 3438 1214 3503 Illzris
1237 3440 1308 3503 Dio
1324 3454 1431 3505 vestra
1446 3442 1553 3507 eidem

306 3538 436 3603 insistit.
482 3540 550 3602 Vix
572 3540 696 3615 dubito,
719 3539 798 3626 quin
821 3555 854 3604 et
877 3540 942 3604 haec
965 3540 1072 3605 clades
1089 3563 1199 3604 aversa
1213 3553 1247 3605 ct
1262 3541 1392 3627 antiqua
1408 3543 1554 3608 amicitia

307 3637 394 3703 hisce
416 3640 525 3726 regnis
544 3641 612 3722 jam
636 3641 785 3705 restituta
806 3642 931 3704 fuisset.

392 3738 526 3804 Gratum
549 3764 624 3805 vero
646 3754 703 3819 est,
727 3741 845 3805 Ill:rem
862 3742 998 3805 Dzonem
1013 3755 1152 3806 vestram
1168 3742 1207 3806 de
1224 3766 1301 3828 pace
1317 3756 1553 3809 transacturam

307 3840 458 3904 accedere
491 3855 524 3905 et
557 3840 718 3907 Szadoviae
751 3842 892 3928 collegas
924 3865 999 3906 suos
1025 3841 1200 3929 praestolari
1227 3842 1321 3907 velle.
1366 3844 1552 3929 Optandum

306 3955 398 4017 esset,
423 3964 476 4006 cos
499 3943 689 4029 quantocius
711 3944 892 4019 adventare,
916 3967 980 4029 quo
1002 3945 1099 4007 citius
1120 3956 1275 4007 tractatus
1294 3958 1403 4008 noster
1417 3944 1552 4010 initium

306 4065 420 4128 capere
443 4056 485 4119 et,
508 4044 534 4106 si
557 4044 624 4108 sata
646 4044 757 4121 velint,
780 4044 877 4108 finem
900 4045 1030 4108 irrnesto
1054 4043 1129 4108 huic
1151 4044 1238 4108 bcllo
1254 4046 1421 4131 imponere
1438 4047 1551 4131 possit.

306 4143 375 4206 Nos
397 4144 494 4221 enim,
517 4144 631 4208 incerti
654 4145 694 4208 de
718 4146 818 4222 exitu,
844 4169 929 4209 arma
951 4145 1081 4230 quidem
1104 4146 1265 4231 deponere
1283 4168 1346 4208 non
1364 4167 1551 4231 possumus3

307 4244 388 4306 atsi
410 4243 493 4306 serio
517 4268 559 4308 ex
581 4259 670 4331 parte
694 4259 800 4309 vestra
822 4269 872 4310 res
895 4261 966 4310 acta
987 4245 1096 4321 fuerit,
1113 4246 1216 4309 multo
1230 4269 1288 4309 nos
1305 4247 1344 4309 od
1360 4246 1551 4334 deponenda

307 4343 452 4406 sentietis
484 4346 704 4431 promptiores,
739 4370 835 4432 quam
869 4348 907 4411 sd
941 4345 1145 4432 suscipienda
1174 4346 1304 4410 fuimus.
1353 4347 1495 4433 [deoque
1523 4349 1550 4411 si

306 4442 402 4506 llinis
436 4445 510 4508 Dzio
543 4460 658 4523 vestra,
692 4447 925 4511 sufficientibus
955 4448 1113 4512 mandatis
1140 4470 1177 4510 ac
1200 4460 1358 4533 potestate
1379 4448 1549 4525 instructa,

302 4543 464 4627 judicaret
497 4570 514 4609 e
548 4569 581 4609 re
614 4560 647 4610 ot
681 4571 738 4610 usu
773 4548 936 4611 communi
969 4573 1047 4625 esse,
1074 4564 1110 4614 ut
1137 4549 1190 4613 hic
1217 4550 1249 4611 in
1273 4549 1455 4636 propinquo
1478 4550 1551 4614 loco

306 4644 415 4732 aliquo
437 4648 605 4711 commodo
627 4670 752 4711 mecum
776 4650 1031 4735 congrederetur,
1055 4650 1325 4717 communicatum
1350 4650 1390 4713 de
1413 4650 1464 4728 iis,
1479 4674 1550 4737 quae
