<?xml version="1.0" encoding="UTF-8"?>
<!DOCTYPE html PUBLIC "-//W3C//DTD XHTML 1.0 Transitional//EN"
    "http://www.w3.org/TR/xhtml1/DTD/xhtml1-transitional.dtd">
<html xmlns="http://www.w3.org/1999/xhtml" xml:lang="en" lang="en">
 <head>
  <title>
</title>
<meta http-equiv="Content-Type" content="text/html;charset=utf-8" />
  <meta name='ocr-system' content='tesseract 3.04.00' />
  <meta name='ocr-capabilities' content='ocr_page ocr_carea ocr_par ocr_line ocrx_word'/>
</head>
<body>
  <div class='ocr_page' id='page_1' title='image "./rikskanslerenax00akadgoog_0164.png"; bbox 0 0 3314 5362; ppageno 0'>
   <div class='ocr_carea' id='block_1_1' title="bbox 357 642 1644 3648">
    <p class='ocr_par' dir='ltr' id='par_1_1' title="bbox 357 642 1644 1736">
     <span class='ocr_line' id='line_1_1' title="bbox 358 642 1585 731; baseline -0.001 -25"><span class='ocrx_word' id='word_1_1' title='bbox 358 666 422 731; x_wconf 93' lang='lat' dir='ltr'><strong>quo</strong></span> <span class='ocrx_word' id='word_1_2' title='bbox 452 644 559 707; x_wconf 89' lang='lat' dir='ltr'><strong>animo</strong></span> <span class='ocrx_word' id='word_1_3' title='bbox 581 642 766 729; x_wconf 86' lang='lat' dir='ltr'><strong>affectuque</strong></span> <span class='ocrx_word' id='word_1_4' title='bbox 788 656 821 708; x_wconf 91' lang='lat' dir='ltr'><strong>et</strong></span> <span class='ocrx_word' id='word_1_5' title='bbox 843 644 966 730; x_wconf 84' lang='lat' dir='ltr'>Regem</span> <span class='ocrx_word' id='word_1_6' title='bbox 988 657 1082 707; x_wconf 90' lang='lat' dir='ltr'><strong>tuum</strong></span> <span class='ocrx_word' id='word_1_7' title='bbox 1104 659 1137 707; x_wconf 91' lang='lat' dir='ltr'><strong>et</strong></span> <span class='ocrx_word' id='word_1_8' title='bbox 1160 664 1289 708; x_wconf 80' lang='lat' dir='ltr'><strong>causam</strong></span> <span class='ocrx_word' id='word_1_9' title='bbox 1312 643 1510 727; x_wconf 71' lang='lat' dir='ltr'><strong>salutemque</strong></span> <span class='ocrx_word' id='word_1_10' title='bbox 1530 665 1585 705; x_wconf 85' lang='lat' dir='ltr'><strong>orn·</strong></span> 
     </span>
     <span class='ocr_line' id='line_1_2' title="bbox 357 743 1586 831; baseline -0.002 -23"><span class='ocrx_word' id='word_1_11' title='bbox 357 745 446 808; x_wconf 90' lang='lat' dir='ltr'><strong>nium</strong></span> <span class='ocrx_word' id='word_1_12' title='bbox 471 756 691 830; x_wconf 77' lang='lat' dir='ltr'><strong>prosequatur.</strong></span> <span class='ocrx_word' id='word_1_13' title='bbox 736 745 897 831; x_wconf 78' lang='lat' dir='ltr'><strong>Legatum</strong></span> <span class='ocrx_word' id='word_1_14' title='bbox 919 743 1048 830; x_wconf 90' lang='lat' dir='ltr'><strong>quidem</strong></span> <span class='ocrx_word' id='word_1_15' title='bbox 1064 765 1156 806; x_wconf 91' lang='lat' dir='ltr'><strong>suum</strong></span> <span class='ocrx_word' id='word_1_16' title='bbox 1174 743 1300 831; x_wconf 85' lang='lat' dir='ltr'><strong>Hagam</strong></span> <span class='ocrx_word' id='word_1_17' title='bbox 1317 744 1453 808; x_wconf 89' lang='lat' dir='ltr'><strong>Comitis</strong></span> <span class='ocrx_word' id='word_1_18' title='bbox 1469 743 1586 807; x_wconf 83' lang='lat' dir='ltr'><strong>missura</strong></span> 
     </span>
     <span class='ocr_line' id='line_1_3' title="bbox 358 843 1585 931; baseline -0.003 -21"><span class='ocrx_word' id='word_1_19' title='bbox 358 858 450 923; x_wconf 85' lang='lat' dir='ltr'><strong>esset,</strong></span> <span class='ocrx_word' id='word_1_20' title='bbox 474 845 526 909; x_wconf 89' lang='lat' dir='ltr'><strong>vel</strong></span> <span class='ocrx_word' id='word_1_21' title='bbox 549 844 624 907; x_wconf 91' lang='lat' dir='ltr'><strong>d:no</strong></span> <span class='ocrx_word' id='word_1_22' title='bbox 646 843 841 931; x_wconf 88' lang='lat' dir='ltr'><strong>Ruthgersio</strong></span> <span class='ocrx_word' id='word_1_23' title='bbox 863 845 992 930; x_wconf 88' lang='lat' dir='ltr'><strong>plenam</strong></span> <span class='ocrx_word' id='word_1_24' title='bbox 1015 844 1177 908; x_wconf 92' lang='lat' dir='ltr'><strong>statuendi</strong></span> <span class='ocrx_word' id='word_1_25' title='bbox 1199 856 1389 929; x_wconf 85' lang='lat' dir='ltr'><strong>potestatem</strong></span> <span class='ocrx_word' id='word_1_26' title='bbox 1413 845 1541 922; x_wconf 83' lang='lat' dir='ltr'><strong>factura,</strong></span> <span class='ocrx_word' id='word_1_27' title='bbox 1558 844 1585 907; x_wconf 91' lang='lat' dir='ltr'><strong>id</strong></span> 
     </span>
     <span class='ocr_line' id='line_1_4' title="bbox 358 944 1588 1032; baseline -0.001 -23"><span class='ocrx_word' id='word_1_28' title='bbox 358 947 444 1032; x_wconf 93' lang='lat' dir='ltr'><strong>quod</strong></span> <span class='ocrx_word' id='word_1_29' title='bbox 478 958 514 1009; x_wconf 93' lang='lat' dir='ltr'><strong>tu</strong></span> <span class='ocrx_word' id='word_1_30' title='bbox 548 944 666 1009; x_wconf 89' lang='lat' dir='ltr'><strong>videris</strong></span> <span class='ocrx_word' id='word_1_31' title='bbox 696 946 839 1009; x_wconf 79' lang='lat' dir='ltr'><strong>studiose</strong></span> <span class='ocrx_word' id='word_1_32' title='bbox 866 946 1001 1009; x_wconf 87' lang='lat' dir='ltr'><strong>suadere</strong></span> <span class='ocrx_word' id='word_1_33' title='bbox 1024 944 1119 1021; x_wconf 88' lang='lat' dir='ltr'><strong>velle,</strong></span> <span class='ocrx_word' id='word_1_34' title='bbox 1143 946 1197 1009; x_wconf 90' lang='lat' dir='ltr'><strong>sed</strong></span> <span class='ocrx_word' id='word_1_35' title='bbox 1221 944 1361 1008; x_wconf 87' lang='lat' dir='ltr'><strong>subhac</strong></span> <span class='ocrx_word' id='word_1_36' title='bbox 1384 944 1588 1008; x_wconf 81' lang='lat' dir='ltr'><strong>intentionum</strong></span> 
     </span>
     <span class='ocr_line' id='line_1_5' title="bbox 357 1044 1587 1123; baseline -0.001 -13"><span class='ocrx_word' id='word_1_37' title='bbox 357 1046 557 1123; x_wconf 86' lang='lat' dir='ltr'><strong>diversitate,</strong></span> <span class='ocrx_word' id='word_1_38' title='bbox 591 1058 624 1109; x_wconf 90' lang='lat' dir='ltr'><strong>et</strong></span> <span class='ocrx_word' id='word_1_39' title='bbox 655 1045 750 1110; x_wconf 90' lang='lat' dir='ltr'><strong>rebus</strong></span> <span class='ocrx_word' id='word_1_40' title='bbox 783 1046 832 1110; x_wconf 90' lang='lat' dir='ltr'><strong>uti</strong></span> <span class='ocrx_word' id='word_1_41' title='bbox 865 1068 950 1109; x_wconf 88' lang='lat' dir='ltr'><strong>nune</strong></span> <span class='ocrx_word' id='word_1_42' title='bbox 984 1045 1152 1112; x_wconf 87' lang='lat' dir='ltr'><strong>stantibus.</strong></span> <span class='ocrx_word' id='word_1_43' title='bbox 1186 1045 1216 1108; x_wconf 89' lang='lat' dir='ltr'><strong>S.</strong></span> <span class='ocrx_word' id='word_1_44' title='bbox 1245 1044 1282 1108; x_wconf 80' lang='lat' dir='ltr'><strong>R.</strong></span> <span class='ocrx_word' id='word_1_45' title='bbox 1306 1044 1400 1108; x_wconf 80' lang='lat' dir='ltr'><strong>Mztas</strong></span> <span class='ocrx_word' id='word_1_46' title='bbox 1423 1068 1485 1108; x_wconf 91' lang='lat' dir='ltr'><strong>non</strong></span> <span class='ocrx_word' id='word_1_47' title='bbox 1506 1045 1587 1109; x_wconf 81' lang='lat' dir='ltr'><strong>facile</strong></span> 
     </span>
     <span class='ocr_line' id='line_1_6' title="bbox 358 1145 1589 1233; baseline 0.001 -25"><span class='ocrx_word' id='word_1_48' title='bbox 358 1145 458 1221; x_wconf 83' lang='lat' dir='ltr'><strong>videt,</strong></span> <span class='ocrx_word' id='word_1_49' title='bbox 487 1146 597 1233; x_wconf 90' lang='lat' dir='ltr'><strong>qualia</strong></span> <span class='ocrx_word' id='word_1_50' title='bbox 619 1145 770 1226; x_wconf 81' lang='lat' dir='ltr'><strong>mandata</strong></span> <span class='ocrx_word' id='word_1_51' title='bbox 792 1146 899 1232; x_wconf 83' lang='lat' dir='ltr'><strong>legato</strong></span> <span class='ocrx_word' id='word_1_52' title='bbox 922 1168 980 1209; x_wconf 92' lang='lat' dir='ltr'><strong>suo</strong></span> <span class='ocrx_word' id='word_1_53' title='bbox 1002 1147 1078 1210; x_wconf 88' lang='lat' dir='ltr'><strong>dare</strong></span> <span class='ocrx_word' id='word_1_54' title='bbox 1100 1146 1226 1221; x_wconf 89' lang='lat' dir='ltr'><strong>debeat,</strong></span> <span class='ocrx_word' id='word_1_55' title='bbox 1249 1168 1323 1209; x_wconf 89' lang='lat' dir='ltr'><strong>cum</strong></span> <span class='ocrx_word' id='word_1_56' title='bbox 1347 1168 1386 1209; x_wconf 85' lang='lat' dir='ltr'><strong>ea</strong></span> <span class='ocrx_word' id='word_1_57' title='bbox 1407 1168 1471 1209; x_wconf 85' lang='lat' dir='ltr'><strong>non</strong></span> <span class='ocrx_word' id='word_1_58' title='bbox 1494 1147 1589 1210; x_wconf 84' lang='lat' dir='ltr'><strong>videat</strong></span> 
     </span>
     <span class='ocr_line' id='line_1_7' title="bbox 359 1245 1589 1334; baseline -0.002 -23"><span class='ocrx_word' id='word_1_59' title='bbox 359 1247 497 1334; x_wconf 87' lang='lat' dir='ltr'><strong>probari,</strong></span> <span class='ocrx_word' id='word_1_60' title='bbox 520 1270 590 1333; x_wconf 84' lang='lat' dir='ltr'><strong>quae</strong></span> <span class='ocrx_word' id='word_1_61' title='bbox 609 1246 799 1330; x_wconf 85' lang='lat' dir='ltr'><strong>jamdudum</strong></span> <span class='ocrx_word' id='word_1_62' title='bbox 823 1246 1084 1323; x_wconf 79' lang='lat' dir='ltr'><strong>communicavit,</strong></span> <span class='ocrx_word' id='word_1_63' title='bbox 1107 1258 1141 1310; x_wconf 92' lang='lat' dir='ltr'><strong>et</strong></span> <span class='ocrx_word' id='word_1_64' title='bbox 1163 1269 1182 1309; x_wconf 84' lang='lat' dir='ltr'><strong>s</strong></span> <span class='ocrx_word' id='word_1_65' title='bbox 1204 1245 1321 1332; x_wconf 91' lang='lat' dir='ltr'><strong>quibus</strong></span> <span class='ocrx_word' id='word_1_66' title='bbox 1337 1246 1471 1316; x_wconf 82' lang='lat' dir='ltr'><strong>resilire,</strong></span> <span class='ocrx_word' id='word_1_67' title='bbox 1488 1248 1589 1310; x_wconf 85' lang='lat' dir='ltr'><strong>sicum</strong></span> 
     </span>
     <span class='ocr_line' id='line_1_8' title="bbox 359 1338 1644 1433; baseline -0.002 -21"><span class='ocrx_word' id='word_1_68' title='bbox 359 1348 482 1412; x_wconf 88' lang='lat' dir='ltr'><strong>ratione</strong></span> <span class='ocrx_word' id='word_1_69' title='bbox 516 1347 759 1433; x_wconf 86' lang='lat' dir='ltr'><strong>suscipiendum</strong></span> <span class='ocrx_word' id='word_1_70' title='bbox 792 1347 964 1430; x_wconf 79' lang='lat' dir='ltr'><strong>negocium</strong></span> <span class='ocrx_word' id='word_1_71' title='bbox 998 1348 1050 1423; x_wconf 87' lang='lat' dir='ltr'><strong>sit,</strong></span> <span class='ocrx_word' id='word_1_72' title='bbox 1083 1346 1273 1433; x_wconf 78' lang='lat' dir='ltr'><strong>neutiquam</strong></span> <span class='ocrx_word' id='word_1_73' title='bbox 1306 1347 1418 1433; x_wconf 87' lang='lat' dir='ltr'><strong>possit,</strong></span> <span class='ocrx_word' id='word_1_74' title='bbox 1448 1346 1499 1410; x_wconf 88' lang='lat' dir='ltr'><strong>hie</strong></span> <span class='ocrx_word' id='word_1_75' title='bbox 1524 1370 1589 1409; x_wconf 88' lang='lat' dir='ltr'><strong>vero</strong></span> <span class='ocrx_word' id='word_1_76' title='bbox 1643 1338 1644 1349; x_wconf 42' lang='lat'>¹</span> 
     </span>
     <span class='ocr_line' id='line_1_9' title="bbox 360 1447 1589 1530; baseline -0.003 -17"><span class='ocrx_word' id='word_1_77' title='bbox 360 1471 461 1513; x_wconf 87' lang='lat' dir='ltr'><strong>annus</strong></span> <span class='ocrx_word' id='word_1_78' title='bbox 488 1448 557 1511; x_wconf 87' lang='lat' dir='ltr'><strong>sine</strong></span> <span class='ocrx_word' id='word_1_79' title='bbox 584 1447 683 1512; x_wconf 90' lang='lat' dir='ltr'><strong>dubio</strong></span> <span class='ocrx_word' id='word_1_80' title='bbox 710 1447 812 1512; x_wconf 88' lang='lat' dir='ltr'><strong>multa</strong></span> <span class='ocrx_word' id='word_1_81' title='bbox 835 1460 1016 1512; x_wconf 83' lang='lat' dir='ltr'><strong>mutaturus</strong></span> <span class='ocrx_word' id='word_1_82' title='bbox 1040 1448 1091 1511; x_wconf 87' lang='lat' dir='ltr'><strong>sit.</strong></span> <span class='ocrx_word' id='word_1_83' title='bbox 1136 1447 1259 1512; x_wconf 85' lang='lat' dir='ltr'><strong>Idcirco</strong></span> <span class='ocrx_word' id='word_1_84' title='bbox 1281 1448 1461 1511; x_wconf 87' lang='lat' dir='ltr'><strong>consultius</strong></span> <span class='ocrx_word' id='word_1_85' title='bbox 1479 1447 1589 1530; x_wconf 88' lang='lat' dir='ltr'><strong>judica·</strong></span> 
     </span>
     <span class='ocr_line' id='line_1_10' title="bbox 359 1546 1590 1635; baseline -0.002 -23"><span class='ocrx_word' id='word_1_86' title='bbox 359 1551 417 1625; x_wconf 90' lang='lat' dir='ltr'><strong>vit,</strong></span> <span class='ocrx_word' id='word_1_87' title='bbox 451 1548 621 1635; x_wconf 88' lang='lat' dir='ltr'><strong>paululum</strong></span> <span class='ocrx_word' id='word_1_88' title='bbox 650 1549 801 1635; x_wconf 89' lang='lat' dir='ltr'><strong>opperiri,</strong></span> <span class='ocrx_word' id='word_1_89' title='bbox 828 1548 940 1625; x_wconf 90' lang='lat' dir='ltr'><strong>donec,</strong></span> <span class='ocrx_word' id='word_1_90' title='bbox 964 1547 1042 1634; x_wconf 89' lang='lat' dir='ltr'><strong>quid</strong></span> <span class='ocrx_word' id='word_1_91' title='bbox 1065 1548 1093 1612; x_wconf 90' lang='lat' dir='ltr'><strong>is</strong></span> <span class='ocrx_word' id='word_1_92' title='bbox 1114 1548 1199 1613; x_wconf 85' lang='lat' dir='ltr'><strong>ferat</strong></span> <span class='ocrx_word' id='word_1_93' title='bbox 1220 1547 1396 1612; x_wconf 80' lang='lat' dir='ltr'><strong>consiliove</strong></span> <span class='ocrx_word' id='word_1_94' title='bbox 1419 1560 1526 1611; x_wconf 86' lang='lat' dir='ltr'><strong>nostra</strong></span> <span class='ocrx_word' id='word_1_95' title='bbox 1545 1546 1590 1610; x_wconf 86' lang='lat' dir='ltr'><strong>vel</strong></span> 
     </span>
     <span class='ocr_line' id='line_1_11' title="bbox 359 1648 1074 1736; baseline -0.004 -21"><span class='ocrx_word' id='word_1_96' title='bbox 359 1650 527 1736; x_wconf 89' lang='lat' dir='ltr'><strong>impulerit</strong></span> <span class='ocrx_word' id='word_1_97' title='bbox 549 1649 601 1712; x_wconf 90' lang='lat' dir='ltr'><strong>vel</strong></span> <span class='ocrx_word' id='word_1_98' title='bbox 624 1648 839 1725; x_wconf 83' lang='lat' dir='ltr'><strong>retardaverit,</strong></span> <span class='ocrx_word' id='word_1_99' title='bbox 862 1648 1074 1735; x_wconf 79' lang='lat' dir='ltr'><strong>intelligatur.</strong></span> 
     </span>
    </p>

    <p class='ocr_par' dir='ltr' id='par_1_2' title="bbox 359 1748 1594 2541">
     <span class='ocr_line' id='line_1_12' title="bbox 445 1748 1591 1836; baseline -0.004 -22"><span class='ocrx_word' id='word_1_100' title='bbox 445 1751 548 1814; x_wconf 80' lang='lat' dir='ltr'><strong>Dznus</strong></span> <span class='ocrx_word' id='word_1_101' title='bbox 582 1748 791 1836; x_wconf 87' lang='lat' dir='ltr'><strong>Vosbergius,</strong></span> <span class='ocrx_word' id='word_1_102' title='bbox 820 1749 977 1814; x_wconf 89' lang='lat' dir='ltr'><strong>Ordinum</strong></span> <span class='ocrx_word' id='word_1_103' title='bbox 1005 1751 1142 1836; x_wconf 86' lang='lat' dir='ltr'><strong>legatus,</strong></span> <span class='ocrx_word' id='word_1_104' title='bbox 1165 1772 1252 1813; x_wconf 88' lang='lat' dir='ltr'><strong>nunc</strong></span> <span class='ocrx_word' id='word_1_105' title='bbox 1274 1749 1365 1836; x_wconf 80' lang='lat' dir='ltr'><strong>Rigoe</strong></span> <span class='ocrx_word' id='word_1_106' title='bbox 1388 1763 1447 1826; x_wconf 86' lang='lat' dir='ltr'><strong>est,</strong></span> <span class='ocrx_word' id='word_1_107' title='bbox 1470 1764 1502 1813; x_wconf 88' lang='lat' dir='ltr'><strong>et</strong></span> <span class='ocrx_word' id='word_1_108' title='bbox 1522 1762 1591 1834; x_wconf 92' lang='lat' dir='ltr'><strong>puto</strong></span> 
     </span>
     <span class='ocr_line' id='line_1_13' title="bbox 359 1849 1592 1935; baseline -0.003 -20"><span class='ocrx_word' id='word_1_109' title='bbox 359 1851 452 1915; x_wconf 89' lang='lat' dir='ltr'><strong>illum</strong></span> <span class='ocrx_word' id='word_1_110' title='bbox 480 1850 571 1915; x_wconf 89' lang='lat' dir='ltr'><strong>brevi</strong></span> <span class='ocrx_word' id='word_1_111' title='bbox 598 1849 637 1914; x_wconf 89' lang='lat' dir='ltr'><strong>ad</strong></span> <span class='ocrx_word' id='word_1_112' title='bbox 665 1874 722 1914; x_wconf 91' lang='lat' dir='ltr'><strong>nos</strong></span> <span class='ocrx_word' id='word_1_113' title='bbox 745 1852 778 1914; x_wconf 89' lang='lat' dir='ltr'><strong>in</strong></span> <span class='ocrx_word' id='word_1_114' title='bbox 801 1864 905 1915; x_wconf 89' lang='lat' dir='ltr'><strong>castra</strong></span> <span class='ocrx_word' id='word_1_115' title='bbox 926 1863 1109 1915; x_wconf 88' lang='lat' dir='ltr'><strong>venturum.</strong></span> <span class='ocrx_word' id='word_1_116' title='bbox 1153 1849 1207 1913; x_wconf 89' lang='lat' dir='ltr'><strong>Illi</strong></span> <span class='ocrx_word' id='word_1_117' title='bbox 1230 1850 1468 1935; x_wconf 84' lang='lat' dir='ltr'><strong>explicabimus</strong></span> <span class='ocrx_word' id='word_1_118' title='bbox 1490 1861 1592 1914; x_wconf 87' lang='lat' dir='ltr'><strong>cuncta</strong></span> 
     </span>
     <span class='ocr_line' id='line_1_14' title="bbox 360 1949 1591 2038; baseline -0.003 -23"><span class='ocrx_word' id='word_1_119' title='bbox 360 1951 455 2016; x_wconf 88' lang='lat' dir='ltr'><strong>latius</strong></span> <span class='ocrx_word' id='word_1_120' title='bbox 490 1964 523 2015; x_wconf 92' lang='lat' dir='ltr'><strong>et</strong></span> <span class='ocrx_word' id='word_1_121' title='bbox 550 1950 691 2027; x_wconf 90' lang='lat' dir='ltr'><strong>uberius,</strong></span> <span class='ocrx_word' id='word_1_122' title='bbox 719 1965 752 2015; x_wconf 89' lang='lat' dir='ltr'><strong>et</strong></span> <span class='ocrx_word' id='word_1_123' title='bbox 773 1951 937 2038; x_wconf 87' lang='lat' dir='ltr'><strong>intelliget</strong></span> <span class='ocrx_word' id='word_1_124' title='bbox 959 1950 1049 2036; x_wconf 88' lang='lat' dir='ltr'><strong>ipsus</strong></span> <span class='ocrx_word' id='word_1_125' title='bbox 1072 1973 1113 2014; x_wconf 87' lang='lat' dir='ltr'><strong>ex</strong></span> <span class='ocrx_word' id='word_1_126' title='bbox 1137 1950 1169 2013; x_wconf 85' lang='lat' dir='ltr'><strong>S.</strong></span> <span class='ocrx_word' id='word_1_127' title='bbox 1192 1950 1230 2014; x_wconf 87' lang='lat' dir='ltr'><strong>R.</strong></span> <span class='ocrx_word' id='word_1_128' title='bbox 1254 1951 1331 2014; x_wconf 79' lang='lat' dir='ltr'><strong>Mzte</strong></span> <span class='ocrx_word' id='word_1_129' title='bbox 1353 1965 1487 2015; x_wconf 88' lang='lat' dir='ltr'><strong>cunctas</strong></span> <span class='ocrx_word' id='word_1_130' title='bbox 1509 1949 1591 2013; x_wconf 81' lang='lat' dir='ltr'><strong>ratio</strong></span> 
     </span>
     <span class='ocr_line' id='line_1_15' title="bbox 359 2051 1591 2138; baseline -0.003 -22"><span class='ocrx_word' id='word_1_131' title='bbox 359 2075 416 2116; x_wconf 90' lang='lat' dir='ltr'><strong>nes</strong></span> <span class='ocrx_word' id='word_1_132' title='bbox 448 2052 656 2115; x_wconf 89' lang='lat' dir='ltr'><strong>consiliorum</strong></span> <span class='ocrx_word' id='word_1_133' title='bbox 689 2064 880 2129; x_wconf 88' lang='lat' dir='ltr'><strong>nostrorum,</strong></span> <span class='ocrx_word' id='word_1_134' title='bbox 917 2073 982 2138; x_wconf 91' lang='lat' dir='ltr'><strong>quo</strong></span> <span class='ocrx_word' id='word_1_135' title='bbox 1015 2051 1173 2115; x_wconf 86' lang='lat' dir='ltr'><strong>sincerius</strong></span> <span class='ocrx_word' id='word_1_136' title='bbox 1206 2051 1313 2115; x_wconf 88' lang='lat' dir='ltr'><strong>omnia</strong></span> <span class='ocrx_word' id='word_1_137' title='bbox 1346 2052 1465 2116; x_wconf 74' lang='lat' dir='ltr'><strong>referre</strong></span> <span class='ocrx_word' id='word_1_138' title='bbox 1498 2064 1591 2138; x_wconf 85' lang='lat' dir='ltr'><strong>queat.</strong></span> 
     </span>
     <span class='ocr_line' id='line_1_16' title="bbox 360 2151 1593 2239; baseline -0.003 -22"><span class='ocrx_word' id='word_1_139' title='bbox 360 2154 521 2217; x_wconf 79' lang='lat' dir='ltr'><strong>Detentus</strong></span> <span class='ocrx_word' id='word_1_140' title='bbox 552 2164 664 2239; x_wconf 88' lang='lat' dir='ltr'><strong>praeter</strong></span> <span class='ocrx_word' id='word_1_141' title='bbox 690 2153 875 2239; x_wconf 89' lang='lat' dir='ltr'><strong>opinionem</strong></span> <span class='ocrx_word' id='word_1_142' title='bbox 898 2153 972 2216; x_wconf 91' lang='lat' dir='ltr'><strong>istic</strong></span> <span class='ocrx_word' id='word_1_143' title='bbox 995 2164 1043 2216; x_wconf 88' lang='lat' dir='ltr'><strong>eat</strong></span> <span class='ocrx_word' id='word_1_144' title='bbox 1064 2152 1197 2227; x_wconf 89' lang='lat' dir='ltr'><strong>diutius,</strong></span> <span class='ocrx_word' id='word_1_145' title='bbox 1220 2153 1304 2238; x_wconf 92' lang='lat' dir='ltr'><strong>quod</strong></span> <span class='ocrx_word' id='word_1_146' title='bbox 1328 2152 1493 2239; x_wconf 87' lang='lat' dir='ltr'><strong>adpulerit</strong></span> <span class='ocrx_word' id='word_1_147' title='bbox 1513 2151 1593 2215; x_wconf 83' lang='lat' dir='ltr'><strong>Stol-</strong></span> 
     </span>
     <span class='ocr_line' id='line_1_17' title="bbox 359 2252 1546 2340; baseline -0.001 -22"><span class='ocrx_word' id='word_1_148' title='bbox 359 2253 513 2318; x_wconf 84' lang='lat' dir='ltr'><strong>holmiam</strong></span> <span class='ocrx_word' id='word_1_149' title='bbox 547 2272 620 2340; x_wconf 87' lang='lat' dir='ltr'><strong>post</strong></span> <span class='ocrx_word' id='word_1_150' title='bbox 653 2252 775 2317; x_wconf 89' lang='lat' dir='ltr'><strong>abitum</strong></span> <span class='ocrx_word' id='word_1_151' title='bbox 810 2253 908 2339; x_wconf 87' lang='lat' dir='ltr'><strong>Regis</strong></span> <span class='ocrx_word' id='word_1_152' title='bbox 935 2254 1013 2332; x_wconf 82' lang='lat' dir='ltr'><strong>mei3</strong></span> <span class='ocrx_word' id='word_1_153' title='bbox 1041 2252 1156 2338; x_wconf 83' lang='lat' dir='ltr'><strong>Rigam</strong></span> <span class='ocrx_word' id='word_1_154' title='bbox 1184 2275 1260 2317; x_wconf 89' lang='lat' dir='ltr'><strong>vero</strong></span> <span class='ocrx_word' id='word_1_155' title='bbox 1286 2275 1359 2317; x_wconf 91' lang='lat' dir='ltr'><strong>cum</strong></span> <span class='ocrx_word' id='word_1_156' title='bbox 1383 2254 1517 2330; x_wconf 87' lang='lat' dir='ltr'><strong>veniret,</strong></span> <span class='ocrx_word' id='word_1_157' title='bbox 1533 2253 1546 2335; x_wconf 91' lang='lat' dir='ltr'>j</span> 
     </span>
     <span class='ocr_line' id='line_1_18' title="bbox 360 2352 1594 2441; baseline -0.002 -23"><span class='ocrx_word' id='word_1_158' title='bbox 360 2355 391 2418; x_wconf 89' lang='lat' dir='ltr'><strong>S.</strong></span> <span class='ocrx_word' id='word_1_159' title='bbox 414 2356 451 2419; x_wconf 87' lang='lat' dir='ltr'><strong>R.</strong></span> <span class='ocrx_word' id='word_1_160' title='bbox 476 2355 571 2418; x_wconf 75' lang='lat' dir='ltr'><strong>Musa</strong></span> <span class='ocrx_word' id='word_1_161' title='bbox 594 2377 666 2418; x_wconf 90' lang='lat' dir='ltr'><strong>cum</strong></span> <span class='ocrx_word' id='word_1_162' title='bbox 691 2355 839 2417; x_wconf 86' lang='lat' dir='ltr'><strong>exercitu</strong></span> <span class='ocrx_word' id='word_1_163' title='bbox 861 2352 1078 2418; x_wconf 82' lang='lat' dir='ltr'><strong>Litlrwanium</strong></span> <span class='ocrx_word' id='word_1_164' title='bbox 1100 2369 1169 2418; x_wconf 87' lang='lat' dir='ltr'><strong>erat</strong></span> <span class='ocrx_word' id='word_1_165' title='bbox 1190 2353 1382 2441; x_wconf 87' lang='lat' dir='ltr'><strong>ingressura,</strong></span> <span class='ocrx_word' id='word_1_166' title='bbox 1406 2368 1444 2418; x_wconf 94' lang='lat' dir='ltr'><strong>ut</strong></span> <span class='ocrx_word' id='word_1_167' title='bbox 1465 2352 1594 2440; x_wconf 88' lang='lat' dir='ltr'><strong>opperiri</strong></span> 
     </span>
     <span class='ocr_line' id='line_1_19' title="bbox 360 2454 783 2541; baseline -0.002 -22"><span class='ocrx_word' id='word_1_168' title='bbox 360 2456 484 2541; x_wconf 91' lang='lat' dir='ltr'><strong>aliquot</strong></span> <span class='ocrx_word' id='word_1_169' title='bbox 505 2454 573 2518; x_wconf 90' lang='lat' dir='ltr'><strong>dies</strong></span> <span class='ocrx_word' id='word_1_170' title='bbox 596 2454 783 2541; x_wconf 86' lang='lat' dir='ltr'><strong>oportuerit.</strong></span> 
     </span>
    </p>

    <p class='ocr_par' dir='ltr' id='par_1_3' title="bbox 359 2554 1598 3648">
     <span class='ocr_line' id='line_1_20' title="bbox 445 2554 1594 2634; baseline -0.003 -15"><span class='ocrx_word' id='word_1_171' title='bbox 445 2554 555 2634; x_wconf 80' lang='lat' dir='ltr'><strong>Quoad</strong></span> <span class='ocrx_word' id='word_1_172' title='bbox 578 2568 696 2619; x_wconf 89' lang='lat' dir='ltr'><strong>statum</strong></span> <span class='ocrx_word' id='word_1_173' title='bbox 718 2578 823 2619; x_wconf 88' lang='lat' dir='ltr'><strong>rerum</strong></span> <span class='ocrx_word' id='word_1_174' title='bbox 847 2569 1027 2620; x_wconf 89' lang='lat' dir='ltr'><strong>nostrarum</strong></span> <span class='ocrx_word' id='word_1_175' title='bbox 1049 2579 1124 2620; x_wconf 90' lang='lat' dir='ltr'><strong>eum</strong></span> <span class='ocrx_word' id='word_1_176' title='bbox 1148 2555 1281 2631; x_wconf 89' lang='lat' dir='ltr'><strong>Polono,</strong></span> <span class='ocrx_word' id='word_1_177' title='bbox 1304 2555 1455 2619; x_wconf 90' lang='lat' dir='ltr'><strong>consistit</strong></span> <span class='ocrx_word' id='word_1_178' title='bbox 1475 2555 1503 2618; x_wconf 90' lang='lat' dir='ltr'><strong>is</strong></span> <span class='ocrx_word' id='word_1_179' title='bbox 1518 2575 1594 2617; x_wconf 90' lang='lat' dir='ltr'><strong>nunc</strong></span> 
     </span>
     <span class='ocr_line' id='line_1_21' title="bbox 362 2653 1594 2743; baseline -0.004 -23"><span class='ocrx_word' id='word_1_180' title='bbox 362 2656 490 2743; x_wconf 89' lang='lat' dir='ltr'><strong>quidem</strong></span> <span class='ocrx_word' id='word_1_181' title='bbox 524 2656 557 2718; x_wconf 91' lang='lat' dir='ltr'><strong>in</strong></span> <span class='ocrx_word' id='word_1_182' title='bbox 591 2655 769 2719; x_wconf 88' lang='lat' dir='ltr'><strong>rationibus</strong></span> <span class='ocrx_word' id='word_1_183' title='bbox 803 2655 892 2720; x_wconf 86' lang='lat' dir='ltr'><strong>belli.</strong></span> <span class='ocrx_word' id='word_1_184' title='bbox 943 2655 1164 2720; x_wconf 83' lang='lat' dir='ltr'><strong>Nihilominus</strong></span> <span class='ocrx_word' id='word_1_185' title='bbox 1186 2670 1293 2720; x_wconf 89' lang='lat' dir='ltr'><strong>tamen</strong></span> <span class='ocrx_word' id='word_1_186' title='bbox 1317 2679 1392 2720; x_wconf 90' lang='lat' dir='ltr'><strong>vere</strong></span> <span class='ocrx_word' id='word_1_187' title='bbox 1415 2655 1477 2720; x_wconf 92' lang='lat' dir='ltr'><strong>hoc</strong></span> <span class='ocrx_word' id='word_1_188' title='bbox 1498 2653 1594 2720; x_wconf 86' lang='lat' dir='ltr'><strong>conati</strong></span> 
     </span>
     <span class='ocr_line' id='line_1_22' title="bbox 360 2755 1595 2821; baseline -0.002 0"><span class='ocrx_word' id='word_1_189' title='bbox 360 2771 435 2821; x_wconf 89' lang='lat' dir='ltr'><strong>sunt</strong></span> <span class='ocrx_word' id='word_1_190' title='bbox 458 2779 544 2820; x_wconf 91' lang='lat' dir='ltr'><strong>more</strong></span> <span class='ocrx_word' id='word_1_191' title='bbox 568 2755 663 2820; x_wconf 89' lang='lat' dir='ltr'><strong>solito</strong></span> <span class='ocrx_word' id='word_1_192' title='bbox 686 2757 837 2821; x_wconf 86' lang='lat' dir='ltr'><strong>hebetare</strong></span> <span class='ocrx_word' id='word_1_193' title='bbox 861 2771 894 2821; x_wconf 90' lang='lat' dir='ltr'><strong>et</strong></span> <span class='ocrx_word' id='word_1_194' title='bbox 916 2758 1074 2821; x_wconf 87' lang='lat' dir='ltr'><strong>sustinere</strong></span> <span class='ocrx_word' id='word_1_195' title='bbox 1098 2780 1185 2821; x_wconf 89' lang='lat' dir='ltr'><strong>arma</strong></span> <span class='ocrx_word' id='word_1_196' title='bbox 1206 2769 1315 2821; x_wconf 88' lang='lat' dir='ltr'><strong>nostra</strong></span> <span class='ocrx_word' id='word_1_197' title='bbox 1336 2755 1550 2821; x_wconf 84' lang='lat' dir='ltr'><strong>fraudulentis</strong></span> <span class='ocrx_word' id='word_1_198' title='bbox 1567 2769 1595 2819; x_wconf 91' lang='lat' dir='ltr'><strong>et</strong></span> 
     </span>
     <span class='ocr_line' id='line_1_23' title="bbox 361 2857 1595 2944; baseline -0.004 -22"><span class='ocrx_word' id='word_1_199' title='bbox 361 2857 525 2922; x_wconf 88' lang='lat' dir='ltr'><strong>insidiosis</strong></span> <span class='ocrx_word' id='word_1_200' title='bbox 546 2857 696 2933; x_wconf 88' lang='lat' dir='ltr'><strong>induciis,</strong></span> <span class='ocrx_word' id='word_1_201' title='bbox 719 2881 782 2921; x_wconf 93' lang='lat' dir='ltr'><strong>non</strong></span> <span class='ocrx_word' id='word_1_202' title='bbox 807 2858 890 2944; x_wconf 93' lang='lat' dir='ltr'><strong>quod</strong></span> <span class='ocrx_word' id='word_1_203' title='bbox 914 2880 1025 2943; x_wconf 87' lang='lat' dir='ltr'><strong>pacem</strong></span> <span class='ocrx_word' id='word_1_204' title='bbox 1049 2857 1181 2935; x_wconf 90' lang='lat' dir='ltr'><strong>vellent,</strong></span> <span class='ocrx_word' id='word_1_205' title='bbox 1204 2857 1259 2921; x_wconf 87' lang='lat' dir='ltr'><strong>sed</strong></span> <span class='ocrx_word' id='word_1_206' title='bbox 1282 2870 1320 2920; x_wconf 89' lang='lat' dir='ltr'><strong>ut</strong></span> <span class='ocrx_word' id='word_1_207' title='bbox 1341 2872 1524 2943; x_wconf 90' lang='lat' dir='ltr'><strong>temporum</strong></span> <span class='ocrx_word' id='word_1_208' title='bbox 1539 2878 1595 2919; x_wconf 79' lang='lat' dir='ltr'><strong>mo</strong></span> 
     </span>
     <span class='ocr_line' id='line_1_24' title="bbox 362 2957 1595 3046; baseline -0.003 -23"><span class='ocrx_word' id='word_1_209' title='bbox 362 2972 469 3023; x_wconf 82' lang='lat' dir='ltr'><strong>ments</strong></span> <span class='ocrx_word' id='word_1_210' title='bbox 497 2957 590 3021; x_wconf 90' lang='lat' dir='ltr'><strong>nobis</strong></span> <span class='ocrx_word' id='word_1_211' title='bbox 618 2972 818 3022; x_wconf 87' lang='lat' dir='ltr'><strong>excuterent.</strong></span> <span class='ocrx_word' id='word_1_212' title='bbox 863 2958 937 3022; x_wconf 87' lang='lat' dir='ltr'><strong>Non</strong></span> <span class='ocrx_word' id='word_1_213' title='bbox 960 2959 1114 3022; x_wconf 89' lang='lat' dir='ltr'><strong>miserant</strong></span> <span class='ocrx_word' id='word_1_214' title='bbox 1135 2958 1380 3035; x_wconf 87' lang='lat' dir='ltr'><strong>commissarios,</strong></span> <span class='ocrx_word' id='word_1_215' title='bbox 1405 2958 1461 3023; x_wconf 92' lang='lat' dir='ltr'><strong>sed</strong></span> <span class='ocrx_word' id='word_1_216' title='bbox 1485 2957 1595 3046; x_wconf 83' lang='lat' dir='ltr'><strong>puemi-</strong></span> 
     </span>
     <span class='ocr_line' id='line_1_25' title="bbox 361 3058 1595 3145; baseline -0.002 -22"><span class='ocrx_word' id='word_1_217' title='bbox 361 3073 478 3138; x_wconf 82' lang='lat' dir='ltr'><strong>serant,</strong></span> <span class='ocrx_word' id='word_1_218' title='bbox 511 3082 569 3145; x_wconf 87' lang='lat' dir='ltr'><strong>per</strong></span> <span class='ocrx_word' id='word_1_219' title='bbox 602 3082 682 3144; x_wconf 93' lang='lat' dir='ltr'><strong>quos</strong></span> <span class='ocrx_word' id='word_1_220' title='bbox 716 3082 773 3122; x_wconf 87' lang='lat' dir='ltr'><strong>nos</strong></span> <span class='ocrx_word' id='word_1_221' title='bbox 806 3059 1001 3144; x_wconf 89' lang='lat' dir='ltr'><strong>deciperent,</strong></span> <span class='ocrx_word' id='word_1_222' title='bbox 1035 3058 1285 3123; x_wconf 84' lang='lat' dir='ltr'><strong>Tisenhausium</strong></span> <span class='ocrx_word' id='word_1_223' title='bbox 1316 3071 1349 3123; x_wconf 93' lang='lat' dir='ltr'><strong>et</strong></span> <span class='ocrx_word' id='word_1_224' title='bbox 1371 3059 1595 3129; x_wconf 82' lang='lat' dir='ltr'><strong>Donhofuiuru,</strong></span> 
     </span>
     <span class='ocr_line' id='line_1_26' title="bbox 359 3158 1596 3245; baseline -0.003 -22"><span class='ocrx_word' id='word_1_225' title='bbox 359 3159 451 3223; x_wconf 90' lang='lat' dir='ltr'><strong>nulla</strong></span> <span class='ocrx_word' id='word_1_226' title='bbox 473 3160 628 3224; x_wconf 88' lang='lat' dir='ltr'><strong>attributa</strong></span> <span class='ocrx_word' id='word_1_227' title='bbox 649 3160 716 3223; x_wconf 92' lang='lat' dir='ltr'><strong>illis</strong></span> <span class='ocrx_word' id='word_1_228' title='bbox 738 3160 833 3223; x_wconf 90' lang='lat' dir='ltr'><strong>iuitio</strong></span> <span class='ocrx_word' id='word_1_229' title='bbox 857 3159 975 3245; x_wconf 84' lang='lat' dir='ltr'><strong>agendi</strong></span> <span class='ocrx_word' id='word_1_230' title='bbox 995 3173 1170 3245; x_wconf 81' lang='lat' dir='ltr'><strong>potestate3</strong></span> <span class='ocrx_word' id='word_1_231' title='bbox 1193 3182 1266 3223; x_wconf 93' lang='lat' dir='ltr'><strong>cum</strong></span> <span class='ocrx_word' id='word_1_232' title='bbox 1282 3158 1347 3222; x_wconf 92' lang='lat' dir='ltr'><strong>illis</strong></span> <span class='ocrx_word' id='word_1_233' title='bbox 1362 3159 1507 3245; x_wconf 77' lang='lat' dir='ltr'><strong>epistolae</strong></span> <span class='ocrx_word' id='word_1_234' title='bbox 1521 3180 1596 3245; x_wconf 84' lang='lat' dir='ltr'><strong>quae·</strong></span> 
     </span>
     <span class='ocr_line' id='line_1_27' title="bbox 361 3260 1597 3346; baseline -0.003 -22"><span class='ocrx_word' id='word_1_235' title='bbox 361 3261 435 3325; x_wconf 91' lang='lat' dir='ltr'><strong>dam</strong></span> <span class='ocrx_word' id='word_1_236' title='bbox 463 3275 668 3324; x_wconf 73' lang='lat' dir='ltr'><strong>commutatae</strong></span> <span class='ocrx_word' id='word_1_237' title='bbox 690 3274 775 3335; x_wconf 89' lang='lat' dir='ltr'><strong>aunt,</strong></span> <span class='ocrx_word' id='word_1_238' title='bbox 799 3282 933 3346; x_wconf 89' lang='lat' dir='ltr'><strong>quarum</strong></span> <span class='ocrx_word' id='word_1_239' title='bbox 956 3260 1153 3346; x_wconf 86' lang='lat' dir='ltr'><strong>exemplaria</strong></span> <span class='ocrx_word' id='word_1_240' title='bbox 1175 3261 1214 3323; x_wconf 89' lang='lat' dir='ltr'><strong>ad</strong></span> <span class='ocrx_word' id='word_1_241' title='bbox 1237 3274 1269 3324; x_wconf 91' lang='lat' dir='ltr'><strong>te</strong></span> <span class='ocrx_word' id='word_1_242' title='bbox 1293 3261 1388 3323; x_wconf 86' lang='lat' dir='ltr'><strong>mitto</strong></span> <span class='ocrx_word' id='word_1_243' title='bbox 1402 3261 1439 3342; x_wconf 90' lang='lat'><strong>¹).</strong></span> <span class='ocrx_word' id='word_1_244' title='bbox 1484 3260 1597 3322; x_wconf 79' lang='lat' dir='ltr'><strong>Verum</strong></span> 
     </span>
     <span class='ocr_line' id='line_1_28' title="bbox 361 3359 1598 3447; baseline -0.002 -23"><span class='ocrx_word' id='word_1_245' title='bbox 361 3384 434 3425; x_wconf 87' lang='lat' dir='ltr'><strong>eum</strong></span> <span class='ocrx_word' id='word_1_246' title='bbox 467 3384 532 3424; x_wconf 89' lang='lat' dir='ltr'><strong>non</strong></span> <span class='ocrx_word' id='word_1_247' title='bbox 566 3374 696 3447; x_wconf 85' lang='lat' dir='ltr'><strong>possent</strong></span> <span class='ocrx_word' id='word_1_248' title='bbox 725 3362 837 3425; x_wconf 89' lang='lat' dir='ltr'><strong>sistere</strong></span> <span class='ocrx_word' id='word_1_249' title='bbox 861 3383 947 3424; x_wconf 91' lang='lat' dir='ltr'><strong>arma</strong></span> <span class='ocrx_word' id='word_1_250' title='bbox 967 3374 1084 3437; x_wconf 87' lang='lat' dir='ltr'><strong>nostra,</strong></span> <span class='ocrx_word' id='word_1_251' title='bbox 1108 3360 1161 3423; x_wconf 90' lang='lat' dir='ltr'><strong>cui</strong></span> <span class='ocrx_word' id='word_1_252' title='bbox 1185 3360 1279 3424; x_wconf 90' lang='lat' dir='ltr'><strong>unice</strong></span> <span class='ocrx_word' id='word_1_253' title='bbox 1302 3359 1529 3447; x_wconf 84' lang='lat' dir='ltr'><strong>invigilabant,</strong></span> <span class='ocrx_word' id='word_1_254' title='bbox 1551 3361 1598 3423; x_wconf 92' lang='lat' dir='ltr'><strong>de·</strong></span> 
     </span>
     <span class='ocr_line' id='line_1_29' title="bbox 361 3460 1596 3547; baseline -0.003 -22"><span class='ocrx_word' id='word_1_255' title='bbox 361 3476 446 3526; x_wconf 88' lang='lat' dir='ltr'><strong>serto</strong></span> <span class='ocrx_word' id='word_1_256' title='bbox 478 3475 616 3526; x_wconf 87' lang='lat' dir='ltr'><strong>tractatu</strong></span> <span class='ocrx_word' id='word_1_257' title='bbox 651 3461 739 3547; x_wconf 85' lang='lat' dir='ltr'><strong>pacis</strong></span> <span class='ocrx_word' id='word_1_258' title='bbox 772 3461 806 3524; x_wconf 89' lang='lat' dir='ltr'><strong>in</strong></span> <span class='ocrx_word' id='word_1_259' title='bbox 839 3461 994 3525; x_wconf 86' lang='lat' dir='ltr'><strong>interiora</strong></span> <span class='ocrx_word' id='word_1_260' title='bbox 1026 3461 1118 3547; x_wconf 87' lang='lat' dir='ltr'><strong>regni</strong></span> <span class='ocrx_word' id='word_1_261' title='bbox 1154 3461 1294 3525; x_wconf 87' lang='lat' dir='ltr'><strong>Polouiae</strong></span> <span class='ocrx_word' id='word_1_262' title='bbox 1327 3483 1361 3524; x_wconf 89' lang='lat' dir='ltr'><strong>se</strong></span> <span class='ocrx_word' id='word_1_263' title='bbox 1388 3460 1596 3525; x_wconf 89' lang='lat' dir='ltr'><strong>contulerunt.</strong></span> 
     </span>
     <span class='ocr_line' id='line_1_30' title="bbox 362 3560 1597 3648; baseline -0.003 -23"><span class='ocrx_word' id='word_1_264' title='bbox 362 3563 454 3626; x_wconf 87' lang='lat' dir='ltr'><strong>Vale.</strong></span> <span class='ocrx_word' id='word_1_265' title='bbox 504 3562 671 3626; x_wconf 85' lang='lat' dir='ltr'><strong>Dabuntur</strong></span> <span class='ocrx_word' id='word_1_266' title='bbox 698 3584 715 3624; x_wconf 89' lang='lat' dir='ltr'><strong>e</strong></span> <span class='ocrx_word' id='word_1_267' title='bbox 743 3561 856 3625; x_wconf 85' lang='lat' dir='ltr'><strong>castris</strong></span> <span class='ocrx_word' id='word_1_268' title='bbox 885 3562 923 3625; x_wconf 88' lang='lat' dir='ltr'><strong>ad</strong></span> <span class='ocrx_word' id='word_1_269' title='bbox 953 3562 1102 3647; x_wconf 83' lang='lat' dir='ltr'><strong>Keggum</strong></span> <span class='ocrx_word' id='word_1_270' title='bbox 1125 3561 1177 3625; x_wconf 93' lang='lat' dir='ltr'><strong>die</strong></span> <span class='ocrx_word' id='word_1_271' title='bbox 1200 3563 1229 3625; x_wconf 82' lang='lat'><strong>5.</strong></span> <span class='ocrx_word' id='word_1_272' title='bbox 1253 3564 1341 3647; x_wconf 85' lang='lat' dir='ltr'><strong>Aug.</strong></span> <span class='ocrx_word' id='word_1_273' title='bbox 1364 3560 1492 3648; x_wconf 85' lang='lat' dir='ltr'><strong>An[no]</strong></span> <span class='ocrx_word' id='word_1_274' title='bbox 1516 3562 1597 3624; x_wconf 74' lang='lat'><strong>1625.</strong></span> 
     </span>
    </p>
   </div>
   <div class='ocr_carea' id='block_1_2' title="bbox 1021 3677 1523 3966">
    <p class='ocr_par' dir='ltr' id='par_1_4' title="bbox 1021 3677 1523 3966">
     <span class='ocr_line' id='line_1_31' title="bbox 1021 3677 1523 3765; baseline 0.004 -24"><span class='ocrx_word' id='word_1_275' title='bbox 1021 3678 1158 3765; x_wconf 80' lang='lat' dir='ltr'><strong>Magnis.</strong></span> <span class='ocrx_word' id='word_1_276' title='bbox 1182 3691 1246 3742; x_wconf 85' lang='lat' dir='ltr'><strong>tuae</strong></span> <span class='ocrx_word' id='word_1_277' title='bbox 1269 3677 1523 3743; x_wconf 89' lang='lat' dir='ltr'><strong>studiosissimus</strong></span> 
     </span>
     <span class='ocr_line' id='line_1_32' title="bbox 1123 3779 1260 3844; baseline 0 -2"><span class='ocrx_word' id='word_1_278' title='bbox 1123 3779 1260 3844; x_wconf 85' lang='lat' dir='ltr'><strong>Axelius</strong></span> 
     </span>
     <span class='ocr_line' id='line_1_33' title="bbox 1122 3880 1424 3966; baseline -0.007 -21"><span class='ocrx_word' id='word_1_279' title='bbox 1122 3880 1336 3945; x_wconf 86' lang='lat' dir='ltr'><strong>Oxenstierns</strong></span> <span class='ocrx_word' id='word_1_280' title='bbox 1358 3903 1424 3966; x_wconf 92' lang='lat' dir='ltr'><strong>mp.</strong></span> 
     </span>
    </p>
   </div>
   <div class='ocr_carea' id='block_1_3' title="bbox 883 4037 1086 4100">
    <p class='ocr_par' dir='ltr' id='par_1_5' title="bbox 883 4037 1086 4100">
     <span class='ocr_line' id='line_1_34' title="bbox 883 4037 1086 4100; baseline 0 -15"><span class='ocrx_word' id='word_1_281' title='bbox 883 4037 1086 4100; x_wconf 56' lang='lat' dir='ltr'><strong>mmmm</strong></span> 
     </span>
    </p>
   </div>
   <div class='ocr_carea' id='block_1_4' title="bbox 363 4147 1602 4637">
    <p class='ocr_par' dir='ltr' id='par_1_6' title="bbox 363 4147 1602 4637">
     <span class='ocr_line' id='line_1_35' title="bbox 447 4147 1601 4236; baseline -0.003 -23"><span class='ocrx_word' id='word_1_282' title='bbox 447 4148 552 4213; x_wconf 90' lang='lat' dir='ltr'><strong>Video</strong></span> <span class='ocrx_word' id='word_1_283' title='bbox 589 4172 606 4212; x_wconf 90' lang='lat' dir='ltr'><strong>e</strong></span> <span class='ocrx_word' id='word_1_284' title='bbox 643 4148 745 4213; x_wconf 90' lang='lat' dir='ltr'><strong>literis</strong></span> <span class='ocrx_word' id='word_1_285' title='bbox 781 4148 995 4236; x_wconf 75' lang='lat' dir='ltr'><strong>*Vosbergii*</strong></span> <span class='ocrx_word' id='word_1_286' title='bbox 1029 4149 1069 4212; x_wconf 90' lang='lat' dir='ltr'><strong>ad</strong></span> <span class='ocrx_word' id='word_1_287' title='bbox 1103 4147 1267 4225; x_wconf 66' lang='lat' dir='ltr'><strong>*Ordines</strong></span> <span class='ocrx_word' id='word_1_288' title='bbox 1302 4149 1452 4214; x_wconf 81' lang='lat' dir='ltr'><strong>Danum*</strong></span> <span class='ocrx_word' id='word_1_289' title='bbox 1487 4150 1601 4236; x_wconf 89' lang='lat' dir='ltr'><strong>optime</strong></span> 
     </span>
     <span class='ocr_line' id='line_1_36' title="bbox 364 4250 1601 4336; baseline -0.001 -23"><span class='ocrx_word' id='word_1_290' title='bbox 364 4251 526 4335; x_wconf 68' lang='lat' dir='ltr'><strong>*cogitata</strong></span> <span class='ocrx_word' id='word_1_291' title='bbox 558 4250 657 4336; x_wconf 89' lang='lat' dir='ltr'><strong>Regis</strong></span> <span class='ocrx_word' id='word_1_292' title='bbox 691 4250 774 4313; x_wconf 70' lang='lat' dir='ltr'><strong>mei*</strong></span> <span class='ocrx_word' id='word_1_293' title='bbox 803 4262 836 4313; x_wconf 92' lang='lat' dir='ltr'><strong>et</strong></span> <span class='ocrx_word' id='word_1_294' title='bbox 863 4263 1027 4336; x_wconf 88' lang='lat' dir='ltr'><strong>acceptam</strong></span> <span class='ocrx_word' id='word_1_295' title='bbox 1054 4250 1130 4314; x_wconf 88' lang='lat' dir='ltr'><strong>binc</strong></span> <span class='ocrx_word' id='word_1_296' title='bbox 1154 4250 1425 4315; x_wconf 71' lang='lat' dir='ltr'><strong>&#39;resolutionem‘</strong></span> <span class='ocrx_word' id='word_1_297' title='bbox 1448 4250 1601 4316; x_wconf 80' lang='lat' dir='ltr'><strong>invidiose</strong></span> 
     </span>
     <span class='ocr_line' id='line_1_37' title="bbox 363 4349 1602 4436; baseline 0.002 -23"><span class='ocrx_word' id='word_1_298' title='bbox 363 4349 561 4427; x_wconf 85' lang='lat' dir='ltr'><strong>calumniari,</strong></span> <span class='ocrx_word' id='word_1_299' title='bbox 592 4352 677 4436; x_wconf 90' lang='lat' dir='ltr'><strong>quod</strong></span> <span class='ocrx_word' id='word_1_300' title='bbox 706 4351 756 4414; x_wconf 62' lang='lat'><strong>³8.</strong></span> <span class='ocrx_word' id='word_1_301' title='bbox 781 4350 817 4414; x_wconf 90' lang='lat' dir='ltr'><strong>R.</strong></span> <span class='ocrx_word' id='word_1_302' title='bbox 842 4351 936 4414; x_wconf 78' lang='lat' dir='ltr'><strong>Mztss</strong></span> <span class='ocrx_word' id='word_1_303' title='bbox 960 4352 1129 4435; x_wconf 88' lang='lat' dir='ltr'><strong>pecuniam</strong></span> <span class='ocrx_word' id='word_1_304' title='bbox 1152 4351 1234 4414; x_wconf 80' lang='lat' dir='ltr'><strong>sibi·</strong></span> <span class='ocrx_word' id='word_1_305' title='bbox 1257 4350 1292 4414; x_wconf 91' lang='lat' dir='ltr'><strong>in</strong></span> <span class='ocrx_word' id='word_1_306' title='bbox 1315 4366 1519 4417; x_wconf 87' lang='lat' dir='ltr'><strong>antecessum</strong></span> <span class='ocrx_word' id='word_1_307' title='bbox 1541 4350 1602 4415; x_wconf 84' lang='lat' dir='ltr'><strong>dari</strong></span> 
     </span>
     <span class='ocr_line' id='line_1_38' title="bbox 364 4450 1601 4537; baseline 0 -23"><span class='ocrx_word' id='word_1_308' title='bbox 364 4462 396 4514; x_wconf 91' lang='lat' dir='ltr'><strong>et</strong></span> <span class='ocrx_word' id='word_1_309' title='bbox 436 4450 560 4537; x_wconf 87' lang='lat' dir='ltr'><strong>legatos</strong></span> <span class='ocrx_word' id='word_1_310' title='bbox 601 4451 916 4515; x_wconf 86' lang='lat' dir='ltr'><strong>confaederandorum</strong></span> <span class='ocrx_word' id='word_1_311' title='bbox 954 4452 992 4515; x_wconf 86' lang='lat' dir='ltr'><strong>ad</strong></span> <span class='ocrx_word' id='word_1_312' title='bbox 1030 4452 1182 4516; x_wconf 90' lang='lat' dir='ltr'><strong>ultimum</strong></span> <span class='ocrx_word' id='word_1_313' title='bbox 1219 4452 1313 4517; x_wconf 75' lang='lat' dir='ltr'><strong>lunii</strong></span> <span class='ocrx_word' id='word_1_314' title='bbox 1351 4452 1601 4517; x_wconf 74' lang='lat' dir='ltr'><strong>*Stolrholmiam</strong></span> 
     </span>
     <span class='ocr_line' id='line_1_39' title="bbox 364 4550 1601 4637; baseline 0.002 -23"><span class='ocrx_word' id='word_1_315' title='bbox 364 4550 470 4615; x_wconf 76' lang='lat' dir='ltr'><strong>mitti*</strong></span> <span class='ocrx_word' id='word_1_316' title='bbox 496 4550 644 4627; x_wconf 90' lang='lat' dir='ltr'><strong>voluerit,</strong></span> <span class='ocrx_word' id='word_1_317' title='bbox 667 4551 805 4637; x_wconf 88' lang='lat' dir='ltr'><strong>denique</strong></span> <span class='ocrx_word' id='word_1_318' title='bbox 828 4553 912 4636; x_wconf 93' lang='lat' dir='ltr'><strong>quod</strong></span> <span class='ocrx_word' id='word_1_319' title='bbox 937 4575 969 4616; x_wconf 91' lang='lat' dir='ltr'><strong>se</strong></span> <span class='ocrx_word' id='word_1_320' title='bbox 994 4553 1127 4617; x_wconf 65' lang='lat' dir='ltr'><strong>‘Dauo&#39;</strong></span> <span class='ocrx_word' id='word_1_321' title='bbox 1151 4554 1357 4618; x_wconf 88' lang='lat' dir='ltr'><strong>securitatem</strong></span> <span class='ocrx_word' id='word_1_322' title='bbox 1380 4554 1420 4618; x_wconf 89' lang='lat' dir='ltr'><strong>ab</strong></span> <span class='ocrx_word' id='word_1_323' title='bbox 1445 4552 1601 4618; x_wconf 71' lang='lat' dir='ltr'><strong>*Polono&#39;</strong></span> 
     </span>
    </p>
   </div>
   <div class='ocr_carea' id='block_1_5' title="bbox 449 4687 1178 4752">
    <p class='ocr_par' dir='ltr' id='par_1_7' title="bbox 449 4687 1178 4752">
     <span class='ocr_line' id='line_1_40' title="bbox 449 4687 1178 4752; baseline -0.001 -12"><span class='ocrx_word' id='word_1_324' title='bbox 449 4687 1178 4752; x_wconf 48' lang='lat' dir='ltr'><strong>¹fflmmmmwfflmffimmm</strong></span> 
     </span>
    </p>
   </div>
   <div class='ocr_carea' id='block_1_6' title="bbox 0 0 1673 5362">
    <p class='ocr_par' dir='ltr' id='par_1_8' title="bbox 0 0 1673 5362">
     <span class='ocr_line' id='line_1_41' title="bbox 0 0 1673 5362; baseline 0 0"><span class='ocrx_word' id='word_1_325' title='bbox 0 0 1673 5362; x_wconf 95' lang='lat' dir='ltr'><strong> </strong></span> 
     </span>
    </p>
   </div>
  </div>
 </body>
</html>
