3314 5362
1261 474 1302 538 99

23 656 24 665 ¹
96 642 213 708 inimte
247 656 387 706 exueram
421 641 563 706 solibitis
593 660 694 727 regno
723 640 935 720 hereditario,
957 640 1143 706 restitutum
1165 640 1275 719 vultis,
1296 641 1345 705 in·

98 744 197 807 iussos
230 767 289 808 noe
321 744 487 807 invasores
519 765 626 806 rerum
654 754 831 806 vostrarum
860 741 993 806 vocetis.
1037 742 1132 805 Hunc
1154 741 1256 829 igitur
1276 764 1344 807 sco·

97 866 173 928 pum
207 842 522 930 D[omins‡i]onibns
551 843 667 907 resena
701 843 899 928 propositum
936 854 1033 928 patet,
1057 855 1200 907 evertere
1224 855 1341 907 statum

96 962 200 1010 rerum
222 958 406 1009 nostrarum
429 957 627 1030 prasonem
651 964 724 1007 cum
739 944 836 1007 armis
850 944 1027 1030 nequeatis,
1044 943 1103 1007 sub
1118 942 1227 1030 specie
1242 943 1342 1030 pacis

97 1046 143 1109 De
162 1047 238 1130 jure
259 1046 361 1131 Regis
376 1044 476 1109 vestri
490 1044 524 1109 in
540 1042 602 1108 hoo
615 1064 750 1130 regnum
765 1057 856 1108 tanna
871 1043 1113 1108 adseveratione
1127 1045 1344 1130 pronuncians

97 1144 373 1232 D[ominati]ouss
407 1159 530 1221 vosne,
569 1166 605 1209 sc
638 1145 664 1209 si
698 1166 756 1231 pro
790 1144 944 1209 tribunali
977 1144 1171 1209 sententiam
1203 1144 1341 1208 ferretis

96 1246 224 1322 Hostes,
248 1268 329 1334 quos
351 1246 471 1311 amicos
494 1246 653 1322 noluistis,
676 1246 709 1309 in
732 1244 893 1309 hosticum
916 1244 1055 1332 ingressi
1071 1264 1190 1321 sumus,
1207 1258 1240 1310 et
1254 1245 1341 1332 quod

96 1347 172 1411 belli
201 1349 279 1432 jure
313 1346 405 1411 vobis
437 1346 617 1433 eripuimus
644 1359 678 1411 st
703 1346 915 1433 possidemus,
942 1346 976 1410 id
998 1366 1056 1431 par
1076 1346 1229 1409 iniustam
1252 1346 1342 1409 inva-

95 1449 217 1513 sionem
241 1460 399 1532 occupata
418 1446 461 1533 [oz
483 1445 567 1534 um]
589 1446 737 1511 scribitis.

177 1549 252 1613 Non
277 1561 353 1613 suns
373 1547 485 1612 isthec
507 1549 601 1635 signa
622 1548 798 1612 voluntatis
821 1546 861 1611 ad
884 1545 1086 1611 conoordiam
1107 1546 1213 1623 ilexse3
1235 1570 1340 1634 neque

96 1651 180 1713 enim
214 1648 402 1713 dubitamus
434 1670 493 1712 ros
526 1649 658 1713 minime
692 1647 863 1734 ambigere,
898 1668 961 1733 quo
995 1647 1094 1711 umus
1126 1648 1233 1711 animo
1264 1670 1340 1736 erga

96 1749 250 1837 {sepem
282 1746 446 1835 R[eg]iam
473 1750 595 1823 Mnem,
618 1749 784 1813 dominum
807 1762 951 1813 nostrum
973 1747 1270 1826 clementissimum,
1293 1749 1340 1813 di·

23 1912 24 1919 ,
95 1851 170 1914 sins
201 1850 406 1937 benignitate
434 1849 529 1912 uobis
550 1850 672 1927 datum,
696 1851 739 1914 14
759 1850 850 1914 annis
872 1848 965 1913 nobis
987 1847 1127 1912 feliciter
1149 1847 1339 1935 placideque

96 1952 319 2038 imperantem,
353 1948 546 2014 stabiliendo
579 1950 828 2036 exornandoque
855 1972 956 2036 regno
982 1970 1050 2026 suo,
1073 1962 1188 2012 nostrae
1211 1970 1339 2035 quoque

96 2051 234 2116 libertati
269 2074 307 2116 ao
340 2065 529 2115 cunctorum
560 2048 719 2116 Ominum
747 2049 954 2115 incrementis
976 2051 1073 2113 unice
1094 2049 1251 2123 deditum,
1274 2072 1338 2114 non

96 2154 127 2215 in
149 2152 309 2217 Ordinem
333 2151 484 2229 dissidiis,
511 2150 565 2215 sed
590 2164 703 2215 mutua
724 2151 895 2215 concordia
917 2172 1112 2236 suorumque
1135 2172 1241 2215 amore
1264 2172 1340 2236 erga

23 2324 24 2329 η
96 2275 127 2317 se
147 2253 288 2317 fulcrum
311 2251 441 2338 imperii
463 2252 514 2316 sui
536 2252 757 2327 collocantem,
782 2274 819 2316 ac
836 2251 971 2315 diversis
987 2249 1146 2336 trophaeis,
1162 2250 1339 2315 secundum

97 2354 198 2418 Deam
232 2354 367 2440 proprie
397 2354 517 2417 virtute
545 2354 653 2438 partis,
681 2353 764 2438 apud
793 2375 868 2416 suos
895 2364 1087 2438 exterosquc
1110 2351 1280 2436 inclytum,
1303 2365 1341 2416 ut

23 2512 24 2525 ,
96 2454 175 2518 nihil
208 2456 262 2530 sis,
296 2453 384 2539 qnod
416 2476 480 2516 non
515 2453 584 2517 eius
618 2453 706 2518 Meris
732 2476 828 2517 ceusu
849 2475 906 2517 nos
928 2453 1035 2517 faeere
1057 2453 1175 2517 debers
1199 2466 1232 2517 et
1254 2451 1339 2517 velle

96 2556 312 2642 profiteamur.
357 2554 390 2618 Si
413 2567 533 2619 tantam
556 2555 590 2617 in
615 2554 729 2618 animis
751 2554 865 2618 vestris
888 2554 955 2618 vim
977 2553 1098 2617 hebent
1113 2553 1227 2617 merita
1243 2554 1342 2640 Regis

96 2657 201 2733 vestri,
237 2669 277 2720 ut
310 2655 418 2719 studio
452 2656 483 2719 ei
512 2654 716 2741 gratificandi
746 2653 829 2718 nihil
857 2677 920 2718 non
944 2656 1014 2719 sitis
1035 2654 1154 2719 facturi
1176 2676 1277 2741 usque
1300 2653 1339 2720 ad

96 2758 294 2821 evasionem
327 2768 430 2820 sutus
459 2754 570 2832 nostri,
598 2776 694 2841 quem
719 2756 805 2819 Deus
827 2768 959 2832 aver-tat,
982 2768 1015 2820 et
1037 2755 1136 2820 vestri
1158 2768 1339 2819 extremum

97 2858 278 2934 discrimen,
306 2857 465 2944 ignoscite
487 2856 590 2933 nobis,
612 2856 745 2942 pan’que
768 2857 866 2920 enimi
889 2857 1038 2943 aequieate
1061 2857 1101 2920 de
1124 2855 1267 2919 consiliis
1290 2878 1340 2919 ao·

97 2957 303 3044 tionibnsque
332 2956 450 3021 nostris
473 2955 631 3041 judicate,
661 2956 746 3041 quod
770 2979 834 3019 non
857 2958 973 3020 minori
996 2956 1113 3033 studio,
1136 2980 1200 3019 non
1224 2956 1340 3020 minori

97 3060 275 3123 constantia
308 3071 344 3122 et
375 3059 591 3144 generositate
625 3055 753 3143 S[ao]1ae
786 3055 924 3144 R[eg]iae
958 3057 1056 3133 Metis,
1090 3057 1212 3120 domini
1239 3057 1340 3121 nostri

97 3158 346 3233 clementissimi,
376 3159 431 3242 jus
464 3171 498 3222 et
530 3158 734 3246 dignitatem,
768 3178 840 3221 cum
863 3172 973 3222 nostra
994 3173 1245 3243 caeterorumque
1266 3178 1341 3220 con-

23 3272 24 3279 ’
98 3259 213 3324 civium
251 3274 434 3323 nostrorum
467 3259 616 3322 libertate
649 3273 680 3322 et
715 3259 954 3323 existimatione
988 3258 1203 3334 coniunctam,
1240 3258 1341 3321 simus

98 3361 259 3425 adsentiri.
305 3359 436 3423 Etenim
460 3360 580 3446 Regem
604 3358 769 3436 habemus,
792 3361 847 3445 qui
868 3359 942 3423 vite
959 3358 1172 3445 sanguinique
1189 3380 1245 3422 sno
1260 3380 1342 3422 nun·

98 3483 186 3546 qnam
210 3459 368 3547 pepercit,
390 3473 429 3524 nt
449 3460 532 3524 bene
553 3473 637 3524 esset
659 3482 759 3544 regno
781 3479 854 3539 sno;
875 3480 934 3546 pro
957 3460 1026 3524 eius
1041 3461 1220 3543 majestate,
1236 3458 1341 3546 digni·

98 3576 170 3638 tate,
190 3563 276 3646 jure,
299 3562 404 3625 salute
428 3561 525 3624 vitam
548 3561 801 3647 sanguinemque
823 3576 970 3624 nostrum
994 3559 1200 3646 profundere,
1221 3581 1341 3623 rerum·

23 3672 24 3679 ’
99 3684 156 3748 qne
177 3678 359 3726 mareium
383 3663 525 3725 omnium
549 3661 720 3725 discrimen
744 3660 841 3739 adire,
864 3661 961 3725 sicuti
984 3684 1108 3747 aequum
1125 3674 1184 3735 est,
1200 3660 1246 3725 ita
1261 3682 1341 3723 nun·

99 3784 190 3848 qnam
223 3786 290 3827 non
321 3761 423 3848 parati
452 3763 581 3826 erimus.
626 3762 787 3848 utquam
811 3761 908 3825 fidem
930 3764 1068 3826 maiores
1087 3763 1189 3825 nost-ri
1212 3761 1341 3846 regibus

99 3865 163 3927 suis
179 3866 269 3948 juste
289 3862 523 3949 imperantibus
546 3884 674 3926 servare
690 3876 937 3942 consueverunt,
954 3886 1024 3927 eam
1041 3861 1188 3926 stabilem
1204 3862 1341 3925 firmam·

99 3984 157 4048 qne
181 3964 213 4027 S.
237 3964 274 4028 R.
298 3963 382 4041 Mai,
405 3962 535 4027 domino
557 3976 668 4027 nostro
691 3963 952 4039 clementissimo,
976 3984 1101 4027 summa
1121 3962 1340 4026 moderatione

99 4065 190 4128 nobis
214 4062 389 4151 imperanti
418 4076 514 4150 aeque
537 4064 659 4149 optime
682 4063 721 4128 de
744 4086 844 4152 regno
867 4064 928 4129 hoo
951 4064 1097 4141 merenti,
1120 4062 1341 4127 conserveturi

99 4185 130 4227 se
152 4166 268 4229 ruituri
292 4186 411 4229 sumus.

181 4265 254 4330 Huc
285 4265 316 4329 si
342 4278 498 4329 mactatas
525 4266 624 4329 vestri
647 4266 795 4343 tendunt,
821 4279 859 4329 ns
881 4265 1011 4329 tendere
1034 4288 1077 4329 ex
1100 4264 1202 4328 literis
1224 4263 1341 4327 vestris

102 4380 196 4450 pates,
223 4389 288 4453 quo
311 4365 485 4430 modernus
506 4389 612 4430 renim
634 4380 813 4430 nostrarum
835 4380 937 4430 matus
959 4386 1023 4427 non
1046 4379 1260 4440 conservetur,
1284 4364 1340 4428 sed

102 4466 311 4551 perturbetur,
345 4465 431 4531 haud
463 4479 615 4552 putamus
649 4490 773 4553 equum
809 4480 865 4530 ant
891 4466 1073 4529 consultum
1096 4465 1193 4529 rebus
1213 4465 1340 4542 nostris,

23 4626 24 4649 ,
102 4582 135 4631 nt
164 4569 220 4654 qni
252 4567 367 4632 dirius
396 4567 474 4632 sulti
508 4567 682 4631 clementia
708 4586 875 4653 causisque
897 4578 1011 4630 nostre
1034 4567 1182 4652 nequitate
1204 4579 1252 4629 tce
1276 4564 1340 4629 iam

23 4724 24 4729 ,
102 4688 196 4732 mnas
219 4682 254 4733 et
275 4668 378 4732 Sam
401 4668 511 4756 Regias
533 4668 621 4732 Meris
640 4668 750 4751 juset
771 4668 954 4732 libertatem
977 4668 1084 4754 gentis
1106 4681 1219 4731 nosne
1241 4666 1341 4730 tutati
