3248 5328
332 451 395 516 356

290 617 430 706 gelegen
453 618 532 693 sein,
555 618 616 682 wie
637 615 692 681 ich
713 617 829 682 immer
843 616 917 680 ken.
949 615 1115 704 Ka[b]nen
1130 616 1237 681 seindt
1251 616 1322 681 bier
1338 615 1481 703 ueinigh
1496 638 1534 678 zu

290 718 497 797 bekommen3
521 739 584 782 was
607 717 708 783 albier
730 718 793 782 lsan
816 717 977 802 erlangett
994 717 1132 794 werden,
1148 717 1215 781 will
1230 717 1283 782 ich
1299 716 1535 782 rortschioken.

375 818 511 883 Sonsten
533 818 576 883 ist
598 818 655 883 der
677 817 772 882 Graff
789 840 853 882 von
875 817 965 881 Turn
987 816 1082 882 beutt
1104 840 1143 881 au
1165 817 1280 904 mittag
1303 816 1366 903 bey
1385 815 1472 881 mihr
1485 839 1538 903 ge·

291 941 398 983 wesen
431 919 511 984 undt
544 942 585 983 an
619 919 643 982 Ι.
677 918 717 982 Κ.
751 918 827 983 Mztt
848 918 899 982 ins
920 918 1011 1005 leger
1032 917 1196 1004 praeierat.
1241 917 1318 982 Scin
1340 918 1418 982 volk
1441 917 1537 982 wirdt

290 1018 405 1083 diesen
438 1018 558 1085 abendt
580 1018 683 1084 alhier
703 1018 840 1105 logieret
862 1017 1000 1095 werden,
1022 1019 1105 1083 undt
1128 1041 1262 1104 morgen
1283 1018 1334 1083 ins
1356 1018 1447 1104 lager
1471 1040 1540 1104 pas·

290 1119 404 1185 sieren.
448 1119 504 1184 Ins
537 1120 651 1207 ubrige
684 1119 761 1186 weia
794 1119 848 1186 ich
880 1142 939 1184 vor
970 1117 1129 1185 diesmahl
1160 1119 1267 1184 nichts
1296 1141 1336 1183 an
1357 1117 1539 1197 schreiben‚

290 1221 429 1285 sondern
462 1220 560 1308 hopfe
586 1221 649 1286 dan
672 1220 767 1287 herrn
790 1243 921 1308 morgen
943 1221 989 1285 im
1010 1220 1101 1307 leger
1122 1242 1162 1285 au
1185 1218 1356 1306 sprechen3
1378 1219 1462 1283 undt
1484 1219 1541 1284 bin

292 1320 374 1386 undt
396 1320 502 1386 bleibe

612 1422 669 1486 des
691 1422 787 1487 herrn

811 1521 1058 1609 dienstuilliger
1078 1522 1210 1587 freundt

1108 1621 1209 1688 Axell

1108 1722 1324 1789 Oxenstierna
1346 1744 1412 1809 mp.

381 1880 551 1943 Utemlrrift:
579 1880 662 1930 ›Dem
680 1879 757 1929 Hern
777 1877 915 1928 Marskalk
934 1878 1050 1929 Didrtch
1068 1893 1122 1928 ron
1140 1878 1338 1940 Falkenberg.›
1589 1923 1595 1929 .

377 1964 484 2015 Saknar
510 1964 645 2027 naurire,
669 1979 730 2014 men
749 1965 833 2026 ntgdr
850 1963 1027 2027 synbarllgsn
1046 1977 1110 2013 sear
1127 1962 1163 2027 pb
1181 1967 1224 2012 stt
1241 1962 1305 2012 bret
1321 1962 1384 2011 trin
1403 1962 1542 2012 Felcken·

292 2048 361 2112 berg
383 2046 612 2108 (Oxenstiernska
634 2046 807 2112 samltngen),
824 2046 932 2096 hrilket
949 2048 1038 2111 enllgt
1056 2046 1107 2097 sitt
1123 2046 1250 2097 innehdll
1269 2046 1356 2096 miste
1375 2060 1443 2096 vara
1461 2046 1543 2096 skrti·

293 2134 366 2182 vett
384 2133 455 2182 oller
472 2131 518 2180 rid
537 2131 696 2196 konungens
715 2134 792 2196 leger
810 2131 864 2181 den
884 2134 915 2179 lt
934 2129 1007 2194 Sept.
1028 2134 1100 2180 1626.

377 2216 572 2281 liganbtndigt
590 2215 707 2280 original
724 2215 734 2265 i
752 2216 857 2279 Upsala
876 2214 1059 2264 Universltets
1077 2214 1223 2265 bibliotek.

292 2637 355 2692 rar.
399 2637 469 2693 rur
490 2637 710 2694 ueniamus
733 2637 972 2706 noemmin.
994 2637 1101 2693 rone
1122 2637 1345 2695 surranum.
1411 2596 1416 2606 ’

795 2738 920 2808 ηκτοι
940 2738 998 2794 rid
1019 2737 1190 2794 Dlrschau
1211 2738 1244 2794 d.
1268 2738 1305 2793 1‘1
1327 2738 1422 2807 Sept.
1446 2739 1542 2794 leae.

764 2951 893 3002 Foreslar
910 2951 1067 3016 rungabyts.

652 3098 790 3163 illustris
812 3099 951 3163 Domine
974 3097 1181 3163 Cancellarie.

379 3233 601 3298 Humanitatis
624 3248 673 3297 est
695 3246 729 3297 at
750 3232 962 3298 inconstantis
984 3232 1121 3297 fortunae
1143 3233 1365 3298 recordatione
1388 3246 1422 3299 st
1443 3232 1540 3298 afflic-

294 3348 401 3399 torum
434 3333 711 3399 commiseratione
739 3334 872 3411 moveri,
898 3345 935 3397 ut
956 3355 1037 3420 quos
1060 3333 1140 3398 belli
1162 3356 1228 3398 sors
1250 3356 1293 3398 ax
1314 3332 1426 3398 nativa
1448 3334 1542 3421 inge·

295 3435 417 3499 nuitate
443 3433 476 3497 in
505 3434 694 3498 servitutem
720 3433 868 3511 detrusit,
891 3456 945 3497 eos
963 3434 1037 3518 jure
1059 3447 1155 3520 atque
1179 3447 1272 3519 pacta
1293 3433 1540 3499 humanioribus

295 3535 446 3622 gentibus
480 3550 564 3599 sarta
595 3534 743 3600 reficiant
776 3557 812 3599 sc
845 3534 1025 3599 restituant.
1074 3535 1248 3620 Postquam
1275 3533 1386 3622 igitur,
1414 3549 1541 3600 contro·

294 3635 408 3700 versiis
442 3636 558 3699 nostris
590 3634 744 3700 hactenus
771 3636 897 3700 exitum
927 3657 990 3699 non
1012 3634 1263 3712 invenientibus,
1286 3634 1407 3700 bellum
1430 3658 1540 3702 neces·

295 3734 377 3799 sario
400 3736 577 3822 gerendum
600 3737 651 3813 sit,
673 3748 767 3822 atque
783 3735 858 3800 hinc
875 3735 1004 3822 plurimi
1019 3749 1086 3800 tam
1101 3735 1290 3800 nostratium
1307 3758 1405 3823 quam
1420 3751 1540 3801 restra·

295 3836 377 3901 tium
411 3835 493 3901 hanc
521 3836 600 3901 belli
626 3850 744 3902 sortem
767 3838 853 3922 passi
876 3860 921 3913 ac,
945 3851 983 3902 ut
1003 3835 1166 3914 credibile,
1189 3837 1389 3923 inposterum
1412 3837 1539 3924 passuri

295 3937 370 4014 sint,
399 3939 526 4023 putavit
553 3937 584 4001 S.
608 3937 645 4002 R.
669 3937 765 4002 M2tas
790 3937 939 4003 dominus
961 3960 1051 4002 meus
1073 3936 1341 4003 clementissimus
1364 3960 1428 4002 non
1451 3940 1540 4003 abso

295 4062 374 4104 num
407 4038 559 4123 acquitate
592 4061 629 4102 ae
662 4039 783 4123 pietate
813 4061 879 4113 sua,
903 4037 931 4102 si
952 4039 1019 4102 suis
1042 4038 1246 4103 exercituum
1267 4039 1404 4104 ducibus
1427 4041 1468 4105 de
1491 4064 1541 4105 re·

295 4138 483 4224 demptione
510 4161 546 4203 ac
572 4138 782 4204 eliberatione
810 4139 1012 4225 captivorum
1039 4163 1113 4204 oum
1140 4139 1332 4206 vestratibus
1355 4140 1540 4227 paciscendi

296 4252 490 4326 potestatem
513 4240 612 4304 daret.
1457 4302 1465 4307 .

381 4344 502 4405 Actum
536 4340 707 4427 aliquoties
734 4350 784 4405 est
811 4342 850 4406 de
877 4340 982 4405 isthoc
1004 4341 1140 4426 negocio
1162 4365 1237 4407 cum
1258 4342 1395 4407 ducibus
1418 4343 1540 4408 exerci-

295 4454 390 4505 tuum
423 4441 535 4527 Magni
568 4442 714 4506 Ducatus
743 4441 935 4517 Lithuanire,
963 4465 1066 4529 eoque
1089 4465 1138 4506 res
1160 4441 1300 4518 devenit,
1323 4457 1361 4508 ut
1382 4455 1539 4509 vestrates

296 4563 416 4617 omnes,
439 4543 495 4628 qui
519 4541 604 4627 apud
627 4565 685 4607 nos
707 4541 906 4620 tenebantur,
930 4565 987 4606 sua
1009 4543 1197 4630 captivitate
1219 4542 1349 4608 demissi
1365 4544 1441 4607 sint.
1477 4544 1540 4611 Ve-

296 4664 367 4706 rum
400 4643 487 4727 qnod
519 4643 638 4707 ducum
672 4657 849 4708 vestrorum
883 4644 962 4708 ulter
987 4643 1120 4708 alterius
1146 4644 1323 4709 exercitum
1346 4644 1380 4708 iu
1404 4667 1465 4711 sua
1486 4669 1541 4733 po·
