3212 5352
338 410 398 475 202

295 577 393 642 miror
424 588 559 643 tractare
592 575 632 642 dc
664 599 749 641 novo
782 576 933 654 voluisse,
960 576 988 641 si
1015 598 1073 640 nos
1100 588 1267 662 pactorum
1290 574 1480 653 desertores,
1506 590 1544 641 ut

295 692 402 743 vestra
424 677 537 754 lll:tas,
556 676 763 762 judicassent.

379 778 458 842 Haec
485 778 632 843 conferet
653 777 755 842 lllztae
777 791 885 843 vestra
905 800 979 842 cum
1001 799 1175 864 paucorum
1198 777 1322 842 dierum
1347 801 1446 853 mora,
1468 800 1543 863 quae

296 877 466 943 reddendis
498 877 718 966 clsrigationis
747 878 872 954 literis,
887 878 948 942 etsi
970 891 1020 942 sat
1041 890 1167 943 mature
1189 877 1327 965 scriptis,
1350 877 1407 943 sed
1430 877 1465 942 in
1489 878 1544 942 iti·

295 1001 371 1043 nere
394 978 435 1043 ob
457 979 531 1044 anni
555 992 678 1044 estatem
702 979 955 1066 temperiemque
976 978 1157 1064 graviorem
1177 979 1266 1064 justo
1286 978 1408 1044 diutius
1427 978 1544 1044 deten-

295 1079 348 1157 tis,
370 1080 563 1145 intercessit.
606 1079 651 1144 Et
669 1080 804 1165 judicet,
827 1102 908 1144 anne
924 1078 1035 1143 isthaec
1048 1101 1154 1144 rerum
1169 1079 1443 1165 consiliorumque
1458 1079 1545 1145 vit-ia

295 1181 478 1246 solennium
505 1180 634 1245 illorum
656 1179 832 1268 neglectui,
855 1178 883 1244 si
905 1179 984 1266 quid
1006 1179 1040 1243 in
1063 1202 1102 1245 eo
1124 1179 1231 1245 notari
1253 1194 1370 1266 posset,
1394 1204 1544 1267 praepon·

295 1280 418 1356 derent,
451 1280 599 1367 inprimis
632 1303 705 1346 cum
738 1279 939 1346 induciarum
972 1292 1127 1367 tempore,
1161 1281 1217 1346 ubi
1251 1280 1349 1345 animi
1382 1281 1423 1346 ad
1451 1280 1544 1367 pacis

295 1381 403 1446 studia
424 1381 529 1468 parari
550 1381 721 1459 debebant,
744 1383 817 1447 Rex
838 1395 944 1447 vester
967 1404 1003 1446 ac
1026 1381 1228 1468 Respublica,
1252 1394 1317 1447 tem
1339 1381 1373 1445 in
1396 1382 1544 1446 comitiis

296 1483 371 1559 suis,
394 1504 490 1568 quem
513 1481 552 1547 ad
574 1496 704 1547 exteros
727 1481 899 1569 principes,
921 1482 1094 1547 immanem
1116 1482 1309 1566 injuriarum
1329 1481 1545 1547 contumelia·

295 1605 430 1669 rumque
453 1583 618 1647 cumulum
641 1583 676 1647 in
698 1582 729 1647 S.
752 1582 790 1647 R.
813 1583 925 1647 Mttem
948 1582 1115 1646 dominum
1135 1605 1254 1659 meum,
1274 1581 1463 1668 nequidem
1480 1582 1544 1668 piis

295 1683 442 1748 manibus
464 1682 611 1747 defuncti
634 1682 733 1768 Regis
754 1681 856 1747 nostri
878 1681 1049 1769 parcendo,
1072 1695 1105 1748 et
1127 1695 1259 1769 gentem
1274 1696 1417 1747 nostram
1434 1682 1544 1747 conie·

296 1784 407 1861 cerint,
441 1805 512 1870 quae
540 1783 633 1861 ferre,
663 1783 849 1870 quicunque
872 1806 977 1849 rerum
1000 1783 1109 1847 exitus
1130 1783 1262 1848 futurus
1283 1783 1336 1861 eit,
1358 1783 1544 1848 crudelissi-

296 1907 385 1950 mum
407 1899 499 1949 esset.

379 1985 417 2049 Id
449 1985 566 2072 igitur,
592 1984 677 2072 quod
705 1985 768 2050 mei
791 2000 859 2049 erat
881 1984 1032 2063 muneris,
1053 1985 1128 2061 feci,
1152 1984 1239 2071 pacis
1258 1985 1364 2069 justos
1386 1997 1544 2050 tractatus

296 2086 441 2173 urgendo
464 2101 497 2150 οῖ
521 2084 724 2150 induciarum
746 2098 779 2150 et
801 2084 878 2151 belli
901 2100 1055 2172 tempore,
1078 2108 1118 2150 ne
1138 2084 1215 2171 quid
1231 2085 1358 2149 innoxii
1373 2083 1544 2171 sanguinis

296 2186 495 2263 funderetur,
511 2209 548 2251 cc
563 2186 590 2251 si
605 2187 639 2252 id
656 2186 756 2271 partia
772 2185 910 2251 adversas
926 2185 1142 2252 obstinatione
1157 2185 1324 2271 impetrari
1338 2207 1403 2250 non
1420 2200 1543 2272 posset,

295 2310 336 2353 ne
358 2286 430 2351 Rex
451 2309 541 2352 meus
561 2310 643 2353 nevc
655 2287 812 2375 Regnum,
825 2287 915 2352 vanis
931 2285 1120 2352 tractatibus
1135 2287 1375 2364 circumactum,
1391 2285 1544 2352 hostibus

297 2388 362 2451 suis
394 2386 573 2452 obnoxium
607 2387 802 2452 redderetur.
857 2387 1042 2453 Senatorum
1070 2384 1174 2475 Regni
1197 2386 1339 2451 Polonier
1364 2386 1544 2475 Magnique

297 2488 444 2553 Ducetus
466 2487 648 2553 Lithuaniae
669 2488 777 2553 fuerat
797 2488 920 2576 Regem
943 2510 1035 2552 suum
1059 2487 1098 2552 ad
1123 2488 1210 2574 pacis
1230 2487 1544 2576 tranquillitatisque

297 2588 511 2676 cogitationes
543 2588 642 2654 serias
675 2588 848 2675 aliquando
874 2587 1038 2665 inducere,
1060 2611 1166 2675 neque
1189 2588 1283 2654 nobie
1305 2587 1382 2652 belli
1404 2588 1544 2655 necessi·

297 2701 397 2755 tatem
417 2689 593 2776 imponere.
630 2690 659 2754 N
663 2713 698 2755 ec
722 2689 827 2754 minus
843 2689 890 2754 tui
907 2689 1048 2753 muneris
1063 2702 1122 2766 οεῖ,
1137 2687 1234 2753 lll:ris
1250 2686 1414 2775 Princeps,
1433 2690 1544 2754 studio

297 2791 385 2855 omni
418 2813 606 2877 precavere,
640 2813 680 2855 ne
710 2789 802 2854 nobis
829 2811 905 2853 ensa
926 2789 967 2853 de
989 2788 1052 2854 fide
1074 2789 1275 2876 candoreque
1297 2789 1404 2876 gentis
1428 2802 1544 2855 vestre

296 2889 482 2978 ambigendi
504 2890 693 2977 praebeatur,
717 2913 754 2956 oc
776 2889 804 2954 si
827 2887 906 2976 quid
928 2890 964 2954 in
985 2911 1080 2953 causa
1100 2888 1280 2953 eommunis
1295 2890 1544 2977 tranquillitatis

297 2991 349 3057 vel
382 2990 612 3055 malevolorum
645 2990 813 3055 hominum
847 2989 922 3054 odio
949 2990 1002 3055 vel
1025 3012 1081 3077 per
1103 3011 1240 3055 errorem
1263 2990 1484 3068 commissum,
1507 3004 1544 3055 ut

296 3091 329 3155 id
358 3089 456 3174 justis
490 3091 680 3156 tractoribus
712 3105 746 3157 et
778 3089 920 3157 remissis
953 3089 1146 3177 quantocius
1178 3090 1396 3178 subdelegatis
1425 3093 1545 3157 nostris

213 3195 216 3203 '
297 3191 495 3256 resarciatur.
540 3192 707 3257 Dabantur
729 3192 819 3278 Rigae
843 3190 896 3257 die
919 3192 959 3257 13
982 3190 1131 3256 Octobris
1153 3194 1252 3256 Anno
1276 3192 1366 3256 1625.

1016 3375 1156 3440 Axelius
1178 3375 1402 3455 Oxenatiema,

873 3480 959 3546 Regni
976 3481 1080 3531 Suculae
1099 3480 1216 3531 Senator
1234 3485 1263 3531 et
1282 3482 1476 3533 Cancellarins
1494 3487 1544 3533 etc.

382 3614 543 3665 Utanskrilt
561 3629 617 3665 som
636 3615 687 3666 Nm
706 3618 746 3664 98.

382 3748 463 3798 litter
483 3749 688 3812 mannskriptet
705 3750 749 3800 tul
768 3748 802 3798 dc
821 3749 910 3798 under
928 3747 978 3798 Nm
996 3751 1028 3796 ta
1048 3748 1168 3799 ntmnda
1188 3751 1274 3799 ’Aeta
1291 3743 1315 3799 dt
1331 3749 1460 3812 theroes,
1479 3749 1546 3814 itm·

297 3833 374 3883 ibrdt
400 3832 462 3883 med
488 3833 637 3896 attryoket.
682 3833 695 3882 1
722 3833 927 3896 mannskriptet
952 3832 1015 3882 nied
1044 3832 1188 3882 kanslerna
1212 3833 1386 3884 btrerakrilt:
1412 3834 1544 3899 ›Repllca

299 3914 463 3967 Cancellartl
481 3916 568 3980 Regni
585 3914 689 3966 Bueclre
707 3917 743 3966 ad
761 3917 967 3980 responsionem
985 3916 1121 3980 prtnctpia
1139 3916 1313 3967 dererlllt.»
