3244 5334
1245 466 1307 531 269

104 638 176 722 lpse
199 650 308 700 eutem
332 636 501 722 postulete,
525 634 605 699 mihi
629 649 696 698 tum
719 637 839 722 scripto
861 636 1018 711 exhibite,
1042 649 1111 699 tum
1128 635 1260 700 uberius
1276 635 1351 697 vive

103 760 182 803 voce
206 736 379 802 declerete.
402 736 442 801 ed
465 736 496 800 S.
520 736 556 799 R.
578 735 691 800 M2tem
714 737 824 800 dmum
847 759 954 801 meum
970 735 1161 823 quantocius
1176 734 1350 807 transmisi,

103 824 298 925 operumque
325 837 419 911 debe,
446 852 483 900 ut
505 836 585 900 lllzti
608 851 720 902 vestrae
743 837 812 902 sine
835 860 923 901 more
946 838 1135 914 innotescet,
1158 834 1234 922 quid
1258 836 1288 899 S.
1312 820 1350 900 Β.

103 940 198 1003 lines
223 961 265 1002 ex
287 961 347 1002 usu
370 961 429 1002 suo
450 937 519 1003 fore
538 937 676 1022 judicet,
698 951 849 1024 certeque
864 938 958 1003 detur
973 936 1128 1002 resolutio
1143 959 1263 1015 eorum,
1280 960 1350 1022 quae

104 1039 270 1126 proponite
291 1051 366 1104 sunt
388 1039 428 1103 de
451 1039 587 1125 negocio
609 1038 834 1103 neutralitatis.
873 1038 1006 1103 Interim
1023 1036 1142 1102 Illztcm
1160 1060 1259 1101 vtrem
1275 1059 1350 1100 cum

103 1152 172 1204 toto
198 1139 295 1203 domo
318 1163 376 1203 sue
397 1138 516 1202 divinae
539 1139 733 1225 protectioni
755 1139 955 1205 commendo.
1002 1138 1169 1203 Debentur
1193 1137 1351 1203 Wolmer·

105 1241 163 1304 niae
186 1239 241 1303 die
265 1243 304 1304 14
328 1239 483 1304 Decemb.
506 1243 604 1303 Anno
627 1241 719 1303 1625.

881 1340 1019 1404 Axelius
1041 1339 1265 1416 Oxenstierne,

1044 1450 1097 1495 etc.

187 1547 280 1611 Kople
298 1549 307 1595 1
325 1546 511 1607 leserklvet,
530 1546 677 1595 Forhendl.
696 1548 796 1595 melleo
816 1546 926 1609 Sverlge
944 1545 997 1596 coh
1016 1546 1149 1595 Kurlend.

105 1989 174 2043 les.
221 1986 292 2042 ‘fill
320 1987 450 2043 doktcr
476 1985 606 2055 Gesner
631 1985 809 2054 smirna,
835 1985 1045 2043 kurltndskt
1070 1985 1229 2053 geheime
1254 1985 1352 2041 kern·

223 2080 371 2143 mer-red.
867 2086 1022 2142 wolmer
1043 2087 1077 2142 d.
1098 2088 1135 2143 17
1155 2086 1237 2144 Dee.
1260 2088 1352 2143 lose.

351 2302 468 2364 Intyger
486 2301 521 2364 pe
540 2302 671 2365 begeren,
689 2302 805 2350 etthan
824 2300 951 2365 iullgjort
969 2303 1020 2351 sitt
1037 2303 1107 2352 vert.

462 2430 592 2495 Nobilis
614 2443 712 2516 etque
734 2430 908 2495 Excellens
933 2430 1001 2494 Vir,

187 2532 318 2596 Literes
341 2553 437 2607 mess,
461 2552 541 2616 ques
564 2529 779 2617 D[omine]tio
801 2544 858 2595 tue
878 2530 913 2594 in
935 2530 1007 2616 ipso
1028 2531 1133 2595 ebitus
1149 2533 1200 2597 sui
1214 2533 1351 2598 erticulo

107 2632 245 2721 expetiit
284 2632 324 2695 ed
361 2631 545 2717 Principem
580 2653 684 2703 suum.
725 2630 958 2696 testimoniales
995 2632 1072 2697 lidei
1109 2631 1351 2719 diligentiaeque

107 2732 206 2818 ipsius
228 2733 263 2796 in
285 2729 431 2818 negociis
452 2731 646 2797 concreditis
668 2731 895 2818 expediendis,
912 2731 1047 2797 ediunxi
1062 2733 1162 2809 hisce,
1178 2733 1351 2820 eddidique

107 2834 280 2920 exemplu,
314 2846 352 2896 ut
378 2831 514 2917 integris
540 2834 620 2917 ipsis
646 2833 747 2898 literis
770 2831 981 2897 nihilominus
1003 2834 1092 2907 sciet,
1116 2832 1193 2918 quid
1217 2833 1352 2920 scripse·

107 2935 174 3000 rim.
232 2934 333 2998 Nolui
366 2932 400 2997 id
435 2934 596 3020 denegere
631 2932 727 2996 Dtoni
754 2946 827 3010 tue,
855 2933 916 2996 etsi
939 2947 971 2996 te
994 2933 1025 2997 id
1049 2932 1182 2996 minime
1204 2932 1351 3020 indigere

107 3036 220 3112 norim,
243 3036 299 3101 sed
322 3046 362 3100 ut
381 3047 525 3111 testarer,
548 3057 645 3121 quem
668 3047 779 3120 gretus
802 3033 883 3098 mihi
904 3034 1016 3116 fueris,
1038 3047 1221 3120 quantoque
1242 3036 1351 3099 studio

16 3144 17 3149 ’
108 3136 235 3221 eupiem
258 3136 355 3201 Dzoni
378 3149 440 3200 tuae
463 3135 646 3223 gretificeri,
691 3133 820 3198 Vellem
842 3135 890 3197 ite
911 3133 996 3197 ferre
1019 3148 1164 3220 tempore
1179 3148 1234 3199 eut
1248 3135 1352 3200 leture

109 3236 288 3323 eliquendo‚
312 3258 384 3322 quo,
409 3235 487 3322 quid
510 3237 549 3300 de
573 3250 605 3299 te
624 3235 771 3311 sentiam,
787 3258 852 3299 non
868 3235 984 3306 verbis.
1001 3235 1056 3299 sed
1071 3235 1159 3298 fecto
1174 3248 1351 3301 monstrose

108 3359 242 3422 possem.

189 3437 339 3523 Relique‚
361 3436 442 3500 mihi
463 3437 610 3523 exposite
625 3435 755 3501 nomine
771 3434 930 3521 Principis
946 3436 1005 3511 tui,
1021 3436 1105 3500 bone
1119 3437 1183 3501 fide
1198 3451 1352 3525 congestu

110 3552 254 3603 ectutum
286 3536 400 3623 scripsi
434 3537 570 3623 misique
603 3537 643 3602 ed
672 3536 702 3600 S,
731 3537 769 3601 R.
792 3537 914 3613 M:tem‚
937 3536 1047 3601 dmum
1069 3560 1186 3614 meum,
1210 3559 1352 3603 ornnem·

110 3661 168 3724 que
202 3638 287 3703 debo
321 3660 460 3724 operere,
494 3652 530 3702 ut
562 3639 630 3702 sine
659 3661 756 3714 more,
785 3638 898 3702 hebite
919 3650 1028 3701 temen
1050 3638 1174 3702 ratione
1197 3637 1351 3717 locorum,

110 3739 160 3803 ubi
195 3761 318 3815 sumus,
351 3752 474 3803 certum
504 3739 645 3803 nencisci
675 3739 776 3825 possis
798 3760 998 3824 responsum,
1020 3738 1054 3801 in
1077 3760 1141 3823 quo
1164 3740 1351 3817 obtinendo,

110 3853 264 3925 quentum
290 3838 358 3905 fert
379 3851 479 3904 stetus
502 3840 602 3904 nostri
625 3840 779 3903 securiter
801 3854 834 3903 et
855 3837 987 3925 sequites
1010 3839 1254 3924 postuletorum‚
1278 3865 1352 3927 opee

110 3962 171 4004 rem
199 3962 305 4005 meem
332 3939 482 4027 illust[ri]
503 3939 649 4027 Principi
672 3955 729 4003 tuo
751 3962 815 4003 non
838 3939 1001 4004 recusabo.
1046 3939 1139 4004 Vele.
1183 3940 1352 4006 Debentur

113 4039 315 4106 Wolmerniae
337 4040 391 4105 die
414 4043 452 4104 17
477 4041 628 4105 Decemb.
652 4044 749 4105 Anno
773 4041 864 4107 1625.

882 4156 1021 4220 Axelius
1043 4158 1266 4235 Oxenstierne‚

1046 4267 1099 4313 etc.

194 4378 367 4443 Utaeshflflt
395 4380 504 4430 »Nobili
523 4384 607 4444 etque
626 4380 776 4430 excellenti
794 4379 853 4429 viro
872 4382 935 4429 dtno
954 4380 1076 4444 Uespero
1094 4382 1244 4446 Drellngio,
1263 4384 1352 4433 illust.

111 4463 192 4514 Ducis
209 4464 386 4515 Ghurlendlm
405 4469 458 4514 ete.
477 4464 636 4515 oonsssierio
655 4477 770 4513 cemsrae
788 4466 932 4513 secretiori
951 4470 979 4515 et
997 4468 1088 4529 legeto
1108 4470 1176 4515 ete.»
1254 4504 1256 4508 ⁸

192 4564 282 4629 Kopie
300 4565 308 4614 i
327 4565 512 4623 Blkserktvet,
530 4564 679 4614 Forhendl.
699 4565 802 4614 menen
820 4564 931 4628 Sverlge
950 4565 1002 4615 och
1020 4567 1152 4616 Kurlend.

629 4736 828 4745 -—-—-..——
