3264 5354
312 664 524 715 memoratum
547 651 652 715 civem
676 673 770 714 suum
793 650 999 737 quietarit¹l.
1044 650 1148 730 Quare
1170 650 1263 714 Drnis
1279 649 1464 726 Ordinibus,
1481 674 1567 734 prae·

312 752 488 817 nominatis
512 751 704 817 Wewitzero
728 751 779 815 vel
800 750 1054 816 Hasendunckio
1075 752 1229 838 apocham
1249 752 1344 816 talem
1361 773 1436 816 cum
1452 751 1567 817 literis

313 853 382 917 Sao.
417 852 496 939 Reg.
531 851 618 916 Mztis
650 864 765 916 nostrae
797 851 831 915 in
865 852 1017 916 maiorem
1048 851 1145 916 fidem
1174 852 1212 917 ad
1241 853 1396 916 Dominus
1419 851 1567 916 Ordines

314 952 502 1040 perscriptis
524 952 699 1028 tradimus,
723 966 756 1017 tu
782 966 818 1017 ut
836 976 897 1038 ope
917 965 949 1017 et
965 953 1244 1018 commendatione
1259 966 1317 1016 tua
1332 953 1425 1030 adsis,
1442 952 1568 1038 illique

313 1076 403 1117 nexu
432 1054 501 1118 Sao.
525 1053 603 1139 Reg.
627 1052 715 1117 Mztis
737 1053 866 1118 nornine
887 1053 1087 1139 interposite
1110 1053 1326 1118 fideiussionis
1348 1054 1568 1130 eliberentur,

311 1154 415 1219 amice
450 1177 556 1241 posca,
584 1176 624 1217 ne
652 1154 802 1231 officium,
825 1154 910 1241 quod
934 1154 995 1219 hoe
1018 1154 1051 1218 in
1075 1177 1170 1240 passu
1195 1155 1263 1219 Sao.
1288 1155 1367 1241 Reg.
1391 1155 1463 1219 Mzti
1487 1177 1569 1219 nos·

316 1270 370 1319 trae
400 1256 625 1342 prestiterunt,
648 1254 713 1318 illis
736 1256 778 1319 sit
800 1255 997 1320 damnosum.
1044 1255 1143 1320 Hisce
1167 1269 1198 1319 te
1222 1255 1339 1319 divinae
1361 1256 1568 1341 protectioni

310 1356 513 1420 commendo.
572 1354 739 1421 Dabuntur
782 1355 913 1420 Holmia
956 1356 1008 1420 die
1053 1355 1101 1420 lX
1143 1357 1262 1420 mensis
1298 1355 1422 1442 Aprilis
1460 1359 1568 1421 Anno

316 1456 551 1522 llDCXXVzo.

1091 1558 1200 1645 Ampl.
1224 1572 1287 1620 tuae
1310 1558 1473 1622 studiosus

1136 1658 1274 1723 Axelius

1138 1758 1331 1824 Oxenstiern
1354 1782 1419 1845 mp.

402 1913 572 1975 Utamlrrlst:
599 1914 694 1965 Nobili
721 1915 785 1963 Vlro
812 1914 882 1965 Drno
908 1914 979 1964 Jano
1005 1914 1149 1978 Rutgsrsio
1176 1914 1235 1965 Sua.
1263 1914 1326 1978 Reg.
1353 1915 1426 1965 Mttis
1454 1914 1570 1966 Sneeiae

312 1998 478 2051 consiliario
497 1998 593 2049 Aulleo
612 2004 640 2048 et
659 2013 708 2062 pro
727 2003 850 2062 ternpore
869 1998 943 2062 apud
962 1998 1078 2049 Ordines
1098 1999 1245 2069 Generales
1263 1999 1292 2047 ln
1311 2000 1405 2062 Belgio
1418 1999 1571 2050 ordinario

316 2083 467 2134 Residenti.

399 2184 522 2248 original
552 2185 614 2233 med
644 2182 820 2246 egenhtndlg
849 2183 1021 2232 nnderskrift
1050 2184 1059 2232 i
1087 2183 1272 2243 lesarkiret,
1299 2184 1477 2246 Hellandlea,
1509 2185 1571 2234 ΤΗΙ

316 2269 398 2319 resld.
418 2268 577 2331 Rutgerslus
595 2268 657 2317 trau
677 2268 709 2316 Κ.
728 2266 777 2315 Mu
795 2266 846 2316 och
865 2266 1070 2316 leslransleru.

313 2724 367 2780 37.
412 2723 480 2778 'I'lll
501 2725 533 2780 J.
555 2724 714 2793 Rutgsrs.
1005 2724 1209 2781 Stookholm
1232 2723 1266 2778 d.
1289 2724 1326 2778 15
1348 2723 1448 2797 alpril
1469 2726 1572 2782 1625.

314 2940 521 2990 Misstankarna
540 2948 596 2990 mot
615 2939 766 2996 Danmark3
790 2939 819 2987 R.
839 2938 890 2987 bdr
908 2939 1066 3001 sorgtalllgt
1085 2939 1152 2988 saka
1170 2939 1298 2988 utrorska
1316 2939 1493 2988 tillkomsten
1513 2942 1570 2990 oeb

401 3024 555 3074 lnuehtllet
582 3024 611 3071 al
640 3026 701 3070 1621
727 3022 771 3071 trs
793 3023 909 3086 ldrdrag
927 3022 1028 3073 mellan
1048 3022 1187 3072 Daumark
1206 3023 1258 3072 och
1277 3022 1397 3073 Hollaud
1417 3023 1571 3074 alveusom

400 3108 480 3157 daras
510 3106 653 3171 pdgdeuda
683 3107 903 3169 ldrhandllngar‚
932 3107 980 3155 ald
1008 3106 1104 3156 hvllku
1130 3108 1295 3157 Austruther
1321 3108 1372 3156 oelr
1401 3106 1572 3171 Vosbergen

400 3190 515 3240 troddss
535 3190 690 3250 medeam,
710 3190 762 3240 och
781 3205 839 3240 rom
858 3190 974 3253 anstgos
993 3190 1085 3252 dsylta
1104 3195 1146 3239 stt
1164 3189 1277 3255 hsmllgt
1294 3191 1422 3240 fdrbund.
1454 3190 1573 3243 deant

400 3276 451 3324 bdr
469 3274 497 3324 B.
517 3276 585 3325 saka
603 3275 758 3324 motarbsta
777 3274 829 3324 och
847 3274 942 3324 tuuka
959 3274 1037 3336 gllra
1056 3273 1298 3324 Generalstaterna
1315 3275 1509 3339 fdrhoppnlng
1523 3291 1571 3326 orn

401 3360 546 3423 betalniug
566 3359 595 3408 al
613 3360 736 3422 Sverlges
754 3359 820 3421 gald
838 3360 882 3408 tlll
902 3358 965 3408 dem
984 3359 1035 3408 oah
1054 3373 1097 3407 orn
1116 3358 1233 3408 svsuska
1251 3358 1455 3422 hialptrnpper‚
1476 3366 1524 3409 att
1543 3362 1572 3423 ej

401 3443 554 3493 Daumarks
575 3443 755 3493 ekonomlska
773 3444 868 3506 styrka
886 3441 975 3492 skulle
994 3442 1065 3492 ralla
1083 3443 1212 3504 utalaget.

788 3589 996 3654 Nobilissime
1020 3588 1088 3653 Vir.

402 3706 503 3770 Vides
534 3706 628 3771 facile
656 3731 698 3770 ex
720 3706 822 3771 literis
847 3706 957 3794 Regiis
980 3706 1167 3793 adparatum
1191 3706 1277 3771 hune
1301 3707 1382 3770 Dani
1405 3705 1571 3772 bellicum

316 3819 351 3871 et
375 3806 438 3870 alia
460 3806 620 3871 destinata
643 3808 755 3871 merito
778 3831 836 3871 suo
860 3806 890 3869 S.
914 3807 951 3871 R.
976 3808 1045 3872 Mai
1069 3808 1199 3872 domiuo
1223 3830 1294 3871 meo
1318 3830 1385 3871 esse
1401 3824 1570 3894 suspecta,

319 3931 355 3971 uc
378 3908 404 3971 si
427 3931 491 3971 non
515 3930 571 3994 pro
594 3930 627 3971 re
650 3909 821 3986 communi,
844 3908 900 3974 sed
923 3909 1091 3973 adversum
1109 3907 1175 3988 ‘hoe
1197 3931 1334 3995 reguum
1357 3931 1414 3972 seu
1437 3908 1571 3975 directe

315 4030 374 4073 seu
397 4007 553 4073 indirecte
577 4024 684 4073 essent
706 4024 854 4097 suscepta
876 4023 909 4074 et
930 4009 1113 4074 constituta.
1162 4008 1287 4074 Addam
1310 4010 1418 4095 itaque
1435 4007 1499 4074 hoc
1517 4014 1572 4076 tui

316 4108 513 4173 informandi
540 4132 646 4186 eausa,
674 4124 710 4175 ut
736 4124 769 4174 et
791 4123 883 4176 caute
907 4126 940 4174 et
962 4110 1137 4196 diligenter
1158 4112 1192 4175 in
1215 4109 1274 4175 hoc
1299 4111 1433 4198 negocio
1457 4134 1572 4176 verse-

320 4211 371 4285 ris,
394 4211 498 4274 sciens
520 4211 667 4297 nuspiam
692 4211 741 4274 vel
767 4211 862 4276 fidem
886 4227 974 4277 tuam
997 4210 1049 4275 vel
1072 4211 1261 4277 industriam
1285 4210 1387 4300 magis
1409 4233 1442 4275 se
1467 4235 1572 4299 quam

319 4309 373 4374 hic
396 4334 527 4376 exerere
551 4335 652 4399 posse.

405 4413 533 4499 inquire
574 4414 710 4500 primum
748 4413 930 4501 diligenter,
968 4414 1131 4499 quomodo
1169 4428 1202 4477 et
1235 4437 1277 4477 ex
1309 4412 1424 4498 quibus
1459 4411 1571 4480 initiis

320 4513 444 4577 faederis
470 4525 624 4578 tractatus
647 4515 732 4578 inter
756 4516 876 4601 Regem
901 4515 1012 4579 Daniae
1035 4528 1069 4578 et
1091 4515 1228 4578 Ordines
1251 4514 1357 4601 Belgii
1379 4513 1456 4577 anni
1482 4516 1570 4579 1621

322 4634 520 4643 ——.——.

407 4699 425 4751 ¹l
444 4702 612 4766 Kanungens
629 4702 739 4752 britton
759 4718 788 4752 se
807 4703 866 4752 Lat.
886 4704 972 4766 Tyslrt
989 4707 1099 4767 reglatr.
1119 4707 1193 4761 1625,
1212 4704 1262 4753 sid.
1282 4707 1323 4763 88,
1340 4707 1379 4751 89.
