3264 5354
79 757 115 813 ll.
155 756 228 813 ml
249 757 281 813 J,
303 757 464 827 Butgm·
769 755 973 812 fltoekholm
994 755 1028 811 d.
1051 757 1072 810 9
1093 754 1194 823 April
1215 755 1313 811 ΙΝ,

81 972 130 1022 aar
150 978 310 1035 mattam
332 970 523 1022 brumartin
540 971 604 1020 bret
620 970 683 1021 trtn
700 971 858 1034 konungen.
894 969 999 1033 Byktat
1016 984 1060 1019 om
1079 968 1235 1019 Danmnrka
1254 968 1312 1033 pla·

147 1070 200 1107 ner
216 1055 346 1119 baetyrkt
363 1069 461 1118 ganorn
479 1054 542 1104 bret
559 1056 623 1105 tren
641 1055 696 1104 den
714 1055 819 1104 danrka
835 1054 992 1116 kunngsn,
1009 1053 1117 1103 hrilket
1135 1053 1252 1116 bitogas.

535 1183 744 1249 Nobilissime
769 1183 837 1257 Vir,

148 1299 1310 1377 mmmmmmmmmme

81 1402 174 1468 Martii
187 1408 224 1487 ¹).
275 1402 367 1468 Nihil
400 1425 486 1467 nnuc
513 1402 664 1480 occurrit,
691 1403 776 1488 quod
799 1401 839 1465 iis
861 1401 1083 1488 respondeam,
1106 1423 1178 1465 oum
1201 1401 1311 1465 omnia

81 1504 147 1568 cit-0
179 1517 237 1569 tuo
264 1504 374 1591 digna,
402 1516 458 1567 aut
480 1503 565 1589 quod
589 1516 620 1567 te
643 1501 748 1567 facere
771 1514 927 1589 oporteat,
950 1516 983 1566 et
1006 1502 1077 1566 Rex
1100 1523 1188 1565 meus
1211 1500 1310 1588 scrip·

27 1578 28 1665 l
82 1604 146 1669 serit
178 1605 216 1668 ad
251 1617 284 1669 te
317 1627 391 1668 cum
426 1603 572 1668 ministro
602 1603 670 1667 dzni
697 1602 834 1690 Speusii,
857 1616 984 1691 elego,
1007 1602 1092 1689 quod
1117 1615 1310 1689 superesset,

27 1674 28 1735 l
82 1704 270 1790 postmodnm
293 1703 516 1787 addiderim2).
561 1704 633 1768 Hoc
654 1716 781 1768 tantum
804 1704 989 1790 adiungam,
1005 1726 1164 1768 rumorem
1181 1703 1220 1767 de
1236 1725 1310 1768 con·

82 1806 239 1893 rcriptione
271 1805 387 1870 militis
419 1805 453 1869 in
484 1827 575 1871 usum
598 1805 692 1883 Dani,
714 1804 809 1868 initio
832 1804 929 1869 tacite
952 1817 1127 1891 repentem,
1150 1827 1236 1868 nunc
1259 1803 1310 1867 fir-

82 1919 187 1971 natam
220 1906 324 1971 literis
356 1905 460 1992 ipsius
488 1905 588 1992 Regis
616 1904 727 1969 Daniae
750 1905 789 1968 nd
814 1903 844 1968 S.
868 1905 905 1970 R.
928 1905 1040 1969 Mztem
1063 1904 1231 1971 dominnm
1253 1928 1310 1968 no·

26 2034 27 2039 ¹
83 2020 167 2072 strum
200 2030 285 2083 esse;
318 2007 358 2070 iis
389 2020 422 2071 et
449 2028 561 2070 causas
584 2004 687 2071 adfert
708 2004 945 2070 restitutionem
968 2006 1309 2092 conservationemque

82 2130 170 2171 rernm
203 2108 425 2173 communium
459 2125 493 2172 et
526 2106 710 2185 amicorum,
739 2120 771 2171 et
797 2129 949 2193 magnum
973 2106 1117 2171 studium
1141 2106 1313 2192 profitetur

26 2196 28 2281 l
81 2208 199 2289 jurandi
232 2231 413 2296 oppressos.
462 2207 496 2272 Si
523 2207 630 2295 agitur
656 2231 706 2274 res
729 2208 821 2284 serio,
844 2228 1027 2272 successum
1050 2230 1217 2294 precamur
1238 2206 1309 2271 feli·

26 2292 27 2313 *
84 2329 149 2372 cem.
201 2310 252 2374 Tu
287 2308 354 2373 haee
388 2307 514 2373 videbis
547 2324 581 2373 et
607 2307 802 2393 dijudicabis
829 2308 1010 2372 accuratius
1032 2331 1074 2372 ex
1096 2307 1208 2384 literis,
1231 2330 1311 2394 quas

85 2409 194 2495 scripsit
227 2412 348 2487 Dauus,
382 2424 416 2475 et
445 2432 524 2496 quas
551 2410 622 2474 Rex
644 2432 733 2474 meus
755 2408 929 2496 rescripsit,
951 2408 1115 2473 translatis
1138 2432 1155 2471 e
1179 2407 1313 2473 Suetico

85 2509 112 2572 in
130 2510 260 2575 latinum
272 2511 310 2594 ⁸).
353 2510 445 2575 Vale.
490 2510 661 2575 Dabuntur
683 2509 910 2574 Stoelrholmiae
933 2509 985 2575 die
1006 2513 1025 2576 9
1046 2508 1170 2596 Aprilis
1187 2509 1312 2595 A[nn]o

154 2767 279 2831 Koncept
295 2769 305 2817 i
324 2766 508 2825 Riksnrktvet,
525 2765 630 2830 hvarpl
645 2765 778 2816 kanalern
792 2766 979 2829 agenbaudlgt
991 2766 1118 2816 tecknat:
1136 2766 1310 2829 Buthgersio.

87 3220 129 3277 tt.
165 3224 234 3280 'rin
256 3224 288 3280 J.
311 3223 473 3293 Euagora.
773 3224 976 3282 Stookholm
998 3224 1032 3279 d.
1055 3226 1076 3279 9
1098 3222 1197 3291 April
1217 3224 1314 3279 1625.

87 3434 156 3500 Begtr
171 3439 239 3489 bana
256 3438 435 3498 madverkan,
453 3442 497 3488 att
512 3436 537 3485 J.
557 3437 708 3500 Werritrar,
726 3454 782 3489 rom
800 3439 889 3503 anltgt
901 3440 1061 3500 konungens
1073 3412 1200 3501 uppdrag
1212 3454 1311 3500 genam

152 3523 188 3571 W.
206 3538 261 3572 van
280 3522 446 3571 Haesdonck
465 3522 619 3586 ombesdrjt
637 3524 755 3586 inkopet
773 3524 802 3572 af
819 3538 854 3572 en
872 3530 936 3586 post
953 3523 1019 3571 knut
1036 3524 1045 3570 i
1063 3521 1195 3582 Helland,
1213 3537 1258 3583 nu,
1271 3537 1311 3572 se·

153 3606 204 3655 dan
231 3606 394 3655 leveransen
416 3606 568 3670 tullgjorts,
590 3606 676 3657 matta
694 3606 798 3656 belrtas
815 3606 878 3655 tran
896 3608 939 3656 stu
959 3607 1064 3669 bergen
1081 3607 1126 3656 tor
1143 3607 1311 3657 densamma.

306 3735 448 3800 Salutem
471 3752 505 3802 et
526 3759 631 3801 rerum
655 3737 798 3801 omnium
822 3738 1077 3823 prosperitatem.

153 3853 280 3917 Nobilis
303 3867 338 3916 et
358 3851 453 3918 docte
476 3852 605 3918 domine
629 3854 810 3936 Rutgersie,
833 3853 934 3919 amice
951 3853 1056 3919 chare.
1090 3854 1143 3918 Ad
1158 3852 1311 3942 [ju]ssuur

86 3964 111 4014 et
131 3952 161 4016 in
186 3976 281 4018 usum
309 3952 378 4017 Sao.
406 3953 485 4042 Reg.
509 3953 598 4018 Mais
621 3952 744 4018 domiui
767 3955 832 4019 mei
855 3955 1099 4020 clementissimi
1121 3954 1201 4018 civis
1225 3954 1313 4019 urbis

87 4048 343 4118 Stockholmensis
371 4054 515 4121 Joannes
545 4053 720 4120 Wewitzer
746 4080 804 4143 per
826 4079 920 4120 snum
942 4054 1190 4142 subdelegatum
1213 4055 1311 4121 fama·

88 4162 143 4216 tum
172 4154 383 4220 Guilielmum
417 4154 635 4220 Hasendunck
669 4179 733 4220 non
760 4157 807 4221 ita
833 4156 958 4244 pridem
985 4171 1114 4221 eentum
1137 4170 1170 4219 et
1192 4155 1311 4242 viginti

88 4251 159 4317 mille
188 4255 332 4342 pulveris
364 4256 450 4343 pyrii
482 4255 578 4321 librae
605 4257 638 4320 in
667 4256 844 4321 Hollaudia
865 4257 995 4333 coemit,
1018 4278 1097 4342 quas
1120 4257 1217 4322 etiarn
1241 4257 1313 4322 Suae

88 4348 145 4416 Mzti
175 4355 225 4420 hic
257 4355 400 4421 fideliter
428 4357 568 4435 tradidit,
594 4358 720 4423 ratione
748 4380 881 4444 quarum
910 4357 973 4421 Sua
996 4356 1091 4422 Mztas
1113 4358 1210 4423 etiam
1234 4381 1313 4444 prae·

90 4453 268 4469 Ὢ

155 4506 174 4567 ¹)
190 4512 294 4563 Binum
311 4514 320 4561 Ι
339 4511 558 4562 Oxensttarnaka
576 4513 739 4576 samltnssen
757 4512 941 4563 Rtkrarkivat.

156 4590 176 4651 't
193 4595 226 4645 Se
243 4596 330 4645 otvan
347 4596 396 4646 Nzr
414 4599 445 4644 28
463 4595 527 4645 med
544 4602 601 4646 not.

155 4674 175 4736 ³)
190 4678 233 4729 sn
250 4680 336 4731 otvaa
352 4680 403 4730 ald.
422 4683 454 4729 47
472 4684 522 4731 not
540 4677 562 4740 ¹)
578 4680 629 4731 och
648 4682 698 4732 sld.
718 4685 750 4730 tt
768 4686 820 4732 not
838 4678 865 4740 ¹).
