3314 5362
380 480 441 543 134

337 667 517 733 progressu,
564 644 817 722 Kakenhusium‚
859 647 1059 725 Bersonium,
1100 647 1320 736 Selsburgium
1357 672 1422 713 uno
1458 650 1580 735 impetu

338 747 441 832 cepit;
474 758 542 810 tum
576 746 722 832 quaedam
757 747 827 812 loca
859 770 924 811 non
951 749 1060 835 magni
1087 749 1226 813 nominis
1249 751 1430 836 occupavit,
1454 764 1581 815 etcum

338 845 485 911 exercitu
519 845 727 911 Lithvaniom
760 848 920 934 ingressus
953 862 1002 912 ost
1027 871 1129 935 usque
1157 851 1266 915 Biraas
1289 851 1397 915 sedem
1421 851 1583 916 Radzero·

338 948 466 1013 lionam.
520 947 659 1011 Lironia
691 970 778 1013 nunc
804 948 945 1012 maxima
967 949 1018 1013 sui
1040 962 1132 1037 parte
1154 951 1188 1015 in
1212 951 1358 1015 manibus
1381 950 1412 1015 S.
1436 952 1474 1015 R.
1497 952 1585 1016 Mttis

339 1060 396 1126 cst,
420 1061 453 1113 et
475 1070 640 1135 speramur
662 1070 709 1127 ea,
733 1072 803 1134 quae
826 1048 930 1114 adhue
952 1064 1073 1116 restant
1095 1051 1176 1130 loca,
1199 1051 1288 1116 brevi
1309 1053 1379 1117 Deo
1395 1051 1494 1116 dante
1510 1076 1583 1116 ven·

339 1162 412 1213 tura
440 1148 474 1212 in
502 1160 694 1234 potestatem
717 1163 868 1214 nostram.
913 1151 998 1230 Quid
1021 1173 1097 1216 vero
1119 1151 1154 1215 in
1176 1163 1341 1238 posterum
1363 1152 1511 1216 futurum
1535 1154 1586 1226 sit,

339 1249 430 1314 dabit
452 1250 531 1326 dies,
555 1261 588 1313 et
611 1249 649 1313 ud
672 1263 705 1314 te
728 1250 931 1336 perscribam.

424 1350 496 1413 Hoc
519 1372 595 1415 vero
618 1349 799 1415 addendum
823 1364 881 1430 est,
905 1351 936 1415 S.
959 1353 997 1417 R.
1020 1353 1142 1431 Mttem‚
1165 1353 1331 1418 dominum
1356 1376 1473 1432 meum,
1497 1368 1587 1419 tanto

340 1451 521 1538 promptius
542 1450 577 1515 in
599 1450 660 1515 hoc
684 1452 804 1516 bellum
828 1452 1043 1531 descendisse,
1066 1466 1105 1518 ut
1114 1455 1218 1539 justas
1233 1454 1406 1540 aliquando
1422 1468 1456 1519 et
1472 1478 1586 1542 aequas,

340 1551 452 1616 divina
483 1552 656 1616 adiuvante
684 1553 866 1632 clementia,
889 1553 1097 1619 condiciones
1118 1554 1207 1642 pacis
1230 1577 1248 1618 a
1270 1554 1393 1619 Polono
1416 1555 1587 1632 obtineret,

341 1677 416 1739 quo,
451 1666 616 1740 utcunque
649 1674 759 1717 secura
790 1675 897 1718 rerum
931 1677 1069 1732 suarum,
1102 1668 1192 1720 tanto
1225 1655 1327 1741 magis
1354 1655 1483 1720 intenta
1505 1668 1587 1721 esset

341 1755 438 1818 saluti
471 1753 635 1818 communi
668 1754 851 1832 amicorum,
880 1777 950 1840 quae
972 1778 1059 1819 nunc
1081 1779 1145 1819 non
1166 1778 1280 1841 purum
1302 1756 1336 1819 in
1359 1755 1508 1842 periculo
1528 1771 1587 1822 est,

341 1849 434 1919 Nihil
467 1854 553 1919 enim
580 1855 632 1919 vel
660 1856 846 1942 exoptatius
873 1855 996 1934 habuit,
1019 1856 1070 1920 vel
1093 1855 1217 1944 gratius
1239 1856 1385 1920 futurum
1409 1857 1494 1944 Regi
1516 1881 1589 1922 meo

342 1969 400 2029 est,
428 1978 522 2042 quam
544 1954 654 2020 testari
675 1956 763 2020 facto
785 1956 867 2041 ipso,
890 1979 986 2041 quam
1010 1979 1171 2043 propenso
1194 1956 1301 2021 animo
1325 1957 1437 2022 amicis
1459 1980 1586 2023 succure

342 2080 410 2121 rere
435 2069 467 2121 et
488 2056 567 2143 ipsis
589 2056 724 2120 firmatis
746 2068 867 2120 statum
889 2080 985 2122 suum
1007 2079 1194 2122 conservare
1216 2057 1337 2144 cupiat.

427 2158 550 2222 Moram
575 2157 656 2220 hano
679 2179 784 2221 meam
806 2169 916 2221 tecum
939 2158 1199 2223 communicandi
1216 2182 1257 2223 ne
1273 2180 1380 2246 quaeso
1395 2182 1479 2246 aegre
1496 2157 1589 2235 feras

343 2273 377 2323 et
409 2281 481 2323 cum
511 2258 685 2332 vacaverit,
708 2256 811 2321 scribe
835 2258 874 2322 ad
898 2281 958 2336 me,
982 2281 1051 2344 quae
1073 2271 1106 2323 te
1129 2281 1202 2344 spes
1224 2274 1335 2324 teneat
1356 2261 1587 2324 conservande·

342 2383 414 2424 rum
429 2383 535 2424 rerum
548 2358 821 2423 Germanicarum.
854 2358 945 2423 Vale.
980 2360 1099 2423 Datum
1115 2359 1258 2424 ecastris
1270 2360 1368 2447 regiis
1381 2359 1422 2424 ad
1436 2360 1589 2448 Keggum

345 2460 396 2525 die
420 2461 439 2522 5
462 2463 550 2546 Aug.
573 2463 671 2524 Anno
695 2460 787 2523 1625.

429 2598 624 2662 ugenntnutgt
641 2598 764 2662 koncspt
782 2601 791 2648 t
810 2597 1029 2647 Oxsnstlarnska
1047 2599 1210 2662 aamHngsn,
1229 2600 1290 2649 mad
1303 2599 1410 2649 adress:
1433 2599 1592 2650 ’Belllnicu

347 3041 401 3096 68.
445 3039 515 3094 ἸἮΙ
537 3038 569 3093 Β.
592 3052 658 3094 von
681 3037 823 3093 Glttaen.
886 3037 1269 3106 negastviuxeggum
1291 3038 1366 3094 (1.5
1388 3037 1477 3106 aug.
1500 3039 1594 3094 toan.

348 3253 545 3304 Stillasttndet
566 3254 629 3303 med
652 3253 736 3302 Poien
759 3252 812 3302 och
830 3253 1015 3315 anlcdningar
1031 3251 1076 3302 till
1095 3252 1158 3302 deas
1176 3254 1362 3316 nppstgnlng;
1381 3253 1534 3303 orsaksrna
1551 3252 1595 3302 till
1636 3288 1642 3302 .

431 3338 591 3402 konuugens
612 3336 706 3387 beslut
724 3340 768 3384 att
786 3351 822 3384 nu
840 3337 933 3386 rtnda
951 3338 1013 3385 sina
1031 3350 1120 3400 rupen
1138 3336 1181 3385 dit
1199 3336 1251 3387 och
1270 3336 1421 3400 uppskjutu
1439 3342 1483 3385 ett
1501 3337 1594 3386 dtrekt

433 3421 624 3486 uppnadanue
651 3422 695 3471 fbr
721 3420 776 3469 den
803 3433 1006 3484 gemansarnma
1032 3420 1130 3477 salam
1157 3420 1227 3470 hans
1254 3420 1383 3471 ankomst
1405 3420 1450 3470 tlll
1471 3419 1596 3475 Liflund;

431 3506 640 3570 tornanuungar
658 3505 710 3555 och
728 3504 923 3567 krtgsrbrelser
941 3504 1087 3553 dtrsttdes
1105 3503 1156 3554 och
1174 3503 1183 3551 i
1201 3503 1347 3553 Lithauan.

834 3631 1006 3721 Magnifice
1032 3632 1098 3697 Vir.

433 3752 551 3838 Scripsi
579 3752 618 3817 ad
645 3764 678 3818 te
706 3750 908 3816 Stokholmia
933 3749 1058 3836 aliquot
1081 3765 1154 3815 ante
1177 3749 1352 3815 discessum
1376 3748 1407 3813 S.
1431 3750 1470 3814 R.
1494 3750 1598 3826 lixtis,

347 3853 470 3921 domini
503 3853 566 3917 mei
599 3852 851 3928 clementissimi,
885 3852 963 3929 dies,
997 3863 1030 3916 et
1057 3874 1127 3936 quae
1149 3872 1206 3914 nos
1229 3852 1311 3914 ratio
1332 3850 1478 3936 impulit,
1502 3865 1541 3915 ut
1560 3850 1595 3915 in

346 3955 518 4021 Livoniam
542 3954 770 4031 ediceremus,
794 3952 933 4016 breviter
955 3952 1097 4038 explicui
1109 3952 1146 4035 ¹).
1188 3951 1330 4016 Consilio
1352 3951 1514 4016 hactenus
1531 3952 1596 4038 agi·

346 4069 416 4121 tato
437 4054 477 4119 dc
500 4055 700 4119 restituenda
722 4076 756 4117 re
779 4053 942 4117 communi
965 4076 1022 4117 uos
1042 4051 1195 4138 equidem
1210 4054 1244 4117 in
1260 4075 1374 4140 graves
1390 4052 1599 4138 labyrinthos

347 4155 555 4222 coniecerunt
587 4154 783 4240 consiliaque
810 4168 919 4217 nostra
946 4154 1057 4217 multis
1082 4152 1326 4218 difficultatibus
1347 4153 1599 4239 implicuerunt.

347 4256 478 4322 Etenim
513 4256 634 4342 optime
667 4268 793 4319 constat
825 4254 896 4333 tibi,
927 4267 963 4318 ut
990 4266 1023 4318 et
1045 4252 1204 4340 d[omi]no
1226 4253 1376 4332 Bellium,
1401 4277 1474 4340 quae
1497 4254 1598 4321 fuerit

347 4358 554 4422 consiliorum
577 4370 757 4420 nostrorum
779 4357 877 4434 ratio;
900 4354 1016 4441 quibus
1039 4355 1142 4419 modis
1161 4378 1196 4419 ac
1215 4355 1336 4419 ritibus
1352 4355 1599 4421 restitutionem

346 4459 392 4523 rei
426 4458 497 4522 Rex
530 4480 621 4521 meus
654 4470 778 4520 tentore
807 4471 840 4522 et
863 4455 993 4541 adgredi
1016 4455 1180 4535 statuerit;
1207 4457 1334 4541 quoties
1357 4470 1390 4520 et
1413 4456 1537 4542 quibus
1560 4458 1601 4521 dc

346 4560 451 4624 causis
485 4557 621 4622 consilia
647 4556 713 4620 haec
740 4557 868 4621 turbate
894 4557 968 4633 sint,
996 4557 1135 4641 denique
1159 4569 1282 4622 mutata
1305 4571 1338 4621 et
1359 4579 1447 4621 nunc
1470 4559 1508 4622 in
1532 4560 1600 4622 lon·

430 4696 450 4759 ¹)
469 4698 551 4748 Atssr
568 4697 752 4759 tbrmodllgcn
770 4696 818 4745 det
836 4696 919 4745 otran
939 4696 1027 4746 undar
1044 4696 1094 4746 Nzo
1112 4699 1145 4745 at
1163 4696 1275 4759 tryckta
1292 4695 1410 4745 bretvst.
