3212 5352
350 478 410 540 156

307 660 426 730 petere,
453 660 491 707 ut
516 644 542 706 si
566 645 638 708 Rex
660 667 750 708 meus
773 643 856 707 nihil
878 644 922 706 sit
943 641 1031 706 aliud
1055 641 1116 705 hoe
1138 663 1222 704 enno
1243 654 1432 717 tentaturus,
1457 640 1550 704 Polo·

306 746 417 809 lonum
440 744 553 809 saltem
577 744 768 809 infestetur
791 744 954 808 distineat.

390 846 450 909 Est
486 859 593 909 autem
631 845 717 931 quod
755 868 888 927 agamus
926 845 998 907 Deo
1037 844 1167 929 gratias,
1205 843 1259 928 qui
1296 843 1398 928 ceptis
1431 843 1552 906 nostris

306 946 440 1010 mirifice
462 947 558 1011 favit:
582 947 687 1031 spatio
709 947 796 1009 enim
818 946 953 1009 duarum
976 944 1135 1008 mensium
1158 943 1189 1006 S.
1209 944 1246 1007 R.
1267 942 1362 1006 Mztas
1378 942 1552 1035 occupavit

307 1046 560 1121 Kakenhusium‚
598 1046 814 1133 Selsburgum,
848 1046 1047 1121 Bersonium‚
1082 1044 1272 1121 Peibelium‚
1305 1043 1551 1129 Runeburgum,

306 1149 436 1212 tandem
466 1148 644 1233 Derpetum
667 1162 701 1211 et
722 1171 808 1211 nunc
830 1147 940 1210 Biraas
963 1145 1214 1221 ltadzevilianes,
1237 1146 1460 1230 integramque
1481 1144 1552 1207 fere

306 1249 487 1323 Livoniam,
509 1262 648 1334 excepto
671 1270 736 1311 uno
759 1247 900 1311 alterove
923 1245 1058 1310 castello
1081 1246 1120 1309 ed
1143 1245 1262 1309 limites
1284 1245 1443 1319 Russieos,
1462 1243 1551 1330 quod

307 1350 396 1413 brevi
425 1362 620 1434 occupatum
642 1349 682 1413 iri
704 1371 806 1435 spero,
830 1348 864 1411 in
886 1370 975 1411 suam
998 1346 1126 1434 redegit
1148 1359 1352 1433 potestatem,
1375 1346 1552 1431 sedemque

305 1449 383 1514 belli
409 1450 443 1514 in
471 1450 541 1536 ipsa
566 1449 740 1514 Lithvania
763 1448 945 1526 collocavit,
968 1461 1068 1512 exuto
1092 1447 1212 1512 Polono
1234 1469 1350 1534 magna
1371 1459 1461 1533 perte
1485 1469 1553 1510 me·

306 1552 410 1615 iorum
438 1564 671 1615 tormentorum
698 1551 898 1621 bellicorum,
925 1549 1040 1635 quibus
1063 1549 1219 1613 hactenus
1242 1549 1411 1613 adversum
1434 1570 1494 1610 nos
1517 1548 1553 1611 iu

307 1651 444 1715 Livonia
471 1674 547 1714 usus
575 1667 637 1729 est;
659 1666 782 1715 utnon
805 1649 967 1714 immerito
989 1649 1049 1713 hoo
1072 1649 1227 1736 quiequid
1251 1664 1301 1713 est
1322 1649 1465 1712 rictoriae
1489 1649 1551 1711 soli

307 1752 377 1816 Deo
399 1752 644 1817 adscribendum
667 1753 720 1827 sit,
741 1752 796 1838 qui
817 1751 943 1816 hostem
959 1764 1102 1815 nostrum
1119 1751 1235 1836 panico
1251 1764 1369 1815 terrore
1384 1771 1552 1837 percusse-

306 1853 359 1929 rit,
394 1854 536 1939 adeoque
569 1854 783 1938 impotentem
816 1867 849 1917 et
875 1852 1083 1916 consiliorum
1105 1864 1138 1915 et
1160 1851 1277 1915 virium
1300 1850 1490 1928 reddiderit,
1514 1864 1553 1914 ut

306 1967 395 2017 tanto
418 1955 526 2040 spacio
550 1954 705 2039 temporis
728 1953 833 2017 nullas
856 1953 1008 2039 colligere
1032 1953 1140 2038 copias
1163 1965 1221 2015 aut
1235 1952 1346 2016 sistere
1361 1973 1551 2038 progressus

307 2070 431 2118 nostros
465 2056 617 2140 potuerit.
673 2054 714 2130 Is,
741 2055 797 2140 qui
820 2054 915 2139 eaepit
938 2054 1008 2131 hoc,
1031 2068 1069 2117 ut
1092 2051 1248 2139 perficiat,
1270 2068 1303 2116 et
1325 2075 1497 2137 precamur
1519 2067 1552 2116 et

306 2178 480 2241 speramus.
525 2154 619 2219 Certe
642 2156 669 2218 si
692 2154 770 2241 quid
795 2155 933 2241 agitavit
956 2154 1097 2218 Polonus
1121 2155 1271 2217 adversus
1289 2152 1477 2227 llarchiam,
1496 2168 1552 2217 aut

306 2257 333 2319 si
356 2255 471 2320 Caesari
494 2255 652 2320 auxilium
675 2256 757 2319 ferre
780 2255 904 2331 statuit,
928 2270 1079 2341 putamus
1102 2254 1236 2318 consilis
1257 2254 1359 2339 ipsius
1382 2252 1443 2317 hoc
1466 2277 1552 2317 anno

305 2380 370 2420 non
404 2357 607 2420 mediocriter
640 2378 708 2420 esse
735 2356 871 2429 turbata,
898 2371 935 2420 ut
956 2356 995 2420 de
1018 2378 1052 2420 se
1075 2356 1287 2431 defendendo,
1310 2377 1373 2417 non
1398 2354 1472 2417 aliis
1497 2378 1553 2440 op·

306 2457 490 2544 pugnandis
513 2456 575 2542 ipsi
598 2458 808 2543 cogitandum
831 2457 881 2520 sit.

393 2557 532 2643 Vigente
566 2557 626 2621 hoc
661 2558 747 2621 bello
779 2580 844 2620 non
874 2572 982 2622 tamen
1017 2558 1146 2644 penitus
1174 2556 1381 2641 deposuimus
1407 2557 1448 2620 de
1471 2578 1553 2642 paee

307 2657 531 2745 cogitationes,
565 2677 634 2722 turn
669 2660 753 2745 quod
780 2659 813 2722 id
836 2659 950 2744 pietati
972 2682 1009 2722 ac
1033 2658 1224 2722 humanitati
1246 2658 1442 2721 conveniens
1461 2657 1552 2742 judi·

307 2780 458 2835 caremus,
492 2774 562 2823 tum
597 2772 632 2823 ut
658 2760 752 2823 rebus
779 2759 833 2822 hic
860 2760 1046 2846 compositis
1068 2771 1158 2822 tanto
1180 2758 1311 2822 liberius
1334 2759 1551 2839 cogitationes

306 2872 429 2923 nostras
462 2860 500 2923 ad
534 2861 772 2925 restitutionem
799 2883 905 2924 rerum
928 2861 1157 2938 communium,
1180 2858 1206 2922 si
1229 2874 1408 2923 ceterorum
1432 2860 1553 2945 prinei·

306 2983 382 3047 pum
407 2960 504 3023 animi
527 2960 636 3024 isthuc
657 2961 861 3035 inclinarent,
877 2963 1103 3026 conferremus.
1137 2964 1259 3024 Actum
1275 2960 1377 3047 igitur
1392 2959 1551 3026 hactenus

306 3074 354 3124 est
389 3061 474 3125 inter
510 3085 568 3124 nos
601 3076 634 3126 et
668 3062 845 3148 palatinum
880 3063 1154 3126 lllscislaviensem
1187 3061 1227 3125 de
1260 3061 1551 3126 commissariorum

306 3184 490 3248 congressu,
519 3176 552 3226 et
574 3162 650 3225 lieet
671 3163 698 3225 is
720 3186 786 3225 non
808 3178 915 3227 eareat
937 3163 1004 3226 suis
1027 3162 1281 3237 difficultatibus,
1304 3175 1487 3247 cunctaque
1510 3186 1551 3226 ex

305 3276 396 3345 perte
430 3262 625 3326 Polonorum
659 3262 775 3327 collata
802 3263 974 3328 videantur
1001 3264 1039 3327 ad
1066 3262 1257 3326 trahendum
1279 3274 1418 3348 tempus,
1442 3276 1551 3328 tamen

306 3361 402 3426 sicuti
425 3363 528 3427 multa
550 3378 633 3441 sunt,
657 3363 713 3450 qui
736 3388 826 3449 spem
849 3365 942 3428 nobis
965 3364 1171 3439 imminuunt,
1194 3363 1239 3428 ite
1261 3386 1324 3426 non
1346 3385 1446 3449 parva
1466 3378 1551 3437 sunt,

306 3485 376 3548 quae
409 3486 535 3550 sperare
564 3464 697 3546 jubent3
730 3465 769 3528 de
804 3464 920 3551 quibus
954 3466 1158 3551 postmodum
1192 3465 1286 3551 plura
1315 3464 1462 3539 scribam,
1496 3466 1551 3529 ubi

306 3563 382 3647 quid
417 3564 497 3628 certi
531 3567 723 3630 eonstiterit.
778 3567 829 3630 Tu
864 3582 971 3630 autem
1000 3567 1065 3629 haec
1093 3566 1285 3649 dijudicabis
1308 3588 1350 3630 ex
1372 3565 1550 3641 literarum,

306 3686 384 3748 quas
407 3687 479 3727 cum
503 3667 591 3729 dioto
614 3667 757 3752 palatino
781 3667 987 3743 commutavi,
1010 3665 1250 3753 exemplaribus
1261 3667 1297 3748 ¹).

390 3765 522 3829 Interim
545 3765 621 3830 dum
646 3767 730 3830 bello
754 3782 863 3831 nostro
886 3769 1004 3832 intenti
1027 3789 1147 3845 sumus,
1170 3767 1261 3831 venit
1279 3767 1317 3830 ad
1334 3766 1364 3830 S.
1382 3768 1420 3831 R.
1437 3768 1550 3832 M:tem

305 3865 399 3928 ‹lznus
426 3865 584 3951 Casperus
611 3867 835 3955 aFosbergen
857 3867 898 3954 [ot
925 3868 1135 3955 Vosborgen],
1159 3868 1284 3954 legatus
1307 3867 1466 3933 Ordinum
1491 3868 1551 3932 Ge·

306 3965 474 4036 neralium.
509 3990 581 4031 curn
616 3982 652 4031 ut
679 3969 828 4032 incitaret
851 3971 881 4032 S.
906 3971 942 4034 R.
966 3970 1078 4033 Mrem
1103 3970 1141 4033 ad
1166 3969 1424 4055 amplectendam
1446 3992 1551 4033 causae

306 4067 487 4131 eommunis
510 4069 794 4148 conservationem,
820 4087 888 4133 tum
912 4084 948 4134 nt
969 4070 1111 4157 legatum
1135 4071 1260 4155 Hagam
1284 4069 1422 4135 Comitis
1443 4071 1550 4133 mitte·

307 4182 365 4241 ret,
399 4168 455 4254 qui
489 4192 563 4232 oum
596 4171 711 4233 ceteris
744 4193 856 4257 regum
890 4170 1138 4258 principumque
1168 4170 1285 4257 legatis
1307 4170 1443 4235 consilia
1465 4192 1550 4234 cour-

307 4269 493 4347 munioaret,
526 4270 565 4332 de
595 4271 758 4334 communi
784 4271 902 4336 faedere
925 4290 1036 4358 ageret
1059 4288 1092 4336 et
1114 4273 1243 4336 tandem
1266 4272 1306 4336 de
1329 4271 1390 4335 hoc
1413 4270 1549 4358 negocio

308 4381 470 4433 statueret.
527 4370 727 4453 Responsum
762 4372 847 4448 tulit,
882 4373 912 4436 S.
948 4374 984 4436 R.
1018 4373 1131 4438 Mttem
1166 4396 1247 4436 anno
1279 4372 1395 4437 abhinc
1418 4395 1549 4459 operam

307 4489 396 4530 suam
420 4468 573 4534 obtulisse
591 4472 689 4555 justis
704 4473 961 4552 condicionibus,
984 4474 1128 4538 consiliis
1144 4473 1231 4537 hisee
1246 4474 1432 4538 interventu
1449 4472 1549 4559 Regis

391 4688 410 4749 ¹)
430 4691 462 4741 Se
481 4694 565 4743 otvan
583 4694 632 4743 Nm
652 4698 750 4742 72—14
769 4696 819 4744 och
840 4700 870 4743 77
889 4696 951 4745 med
970 4702 1058 4746 uoter.
