<?xml version="1.0" encoding="UTF-8"?>
<!DOCTYPE html PUBLIC "-//W3C//DTD XHTML 1.0 Transitional//EN"
    "http://www.w3.org/TR/xhtml1/DTD/xhtml1-transitional.dtd">
<html xmlns="http://www.w3.org/1999/xhtml" xml:lang="en" lang="en">
 <head>
  <title>
</title>
<meta http-equiv="Content-Type" content="text/html;charset=utf-8" />
  <meta name='ocr-system' content='tesseract 3.04.00' />
  <meta name='ocr-capabilities' content='ocr_page ocr_carea ocr_par ocr_line ocrx_word'/>
</head>
<body>
  <div class='ocr_page' id='page_1' title='image "./rikskanslerenax00akadgoog_0562.png"; bbox 0 0 3298 5346; ppageno 0'>
   <div class='ocr_carea' id='block_1_1' title="bbox 322 436 385 499">
    <p class='ocr_par' dir='ltr' id='par_1_1' title="bbox 322 436 385 499">
     <span class='ocr_line' id='line_1_1' title="bbox 322 436 385 499; baseline -0.032 0"><span class='ocrx_word' id='word_1_1' title='bbox 322 436 385 499; x_wconf 76' lang='lat'>526</span> 
     </span>
    </p>
   </div>
   <div class='ocr_carea' id='block_1_2' title="bbox 280 598 1531 4210">
    <p class='ocr_par' dir='ltr' id='par_1_2' title="bbox 280 598 1531 1277">
     <span class='ocr_line' id='line_1_2' title="bbox 280 598 1531 686; baseline 0.001 -20"><span class='ocrx_word' id='word_1_2' title='bbox 280 602 314 666; x_wconf 92' lang='lat' dir='ltr'>in</span> <span class='ocrx_word' id='word_1_3' title='bbox 347 626 399 667; x_wconf 92' lang='lat' dir='ltr'>me</span> <span class='ocrx_word' id='word_1_4' title='bbox 431 603 484 677; x_wconf 86' lang='lat' dir='ltr'>sit,</span> <span class='ocrx_word' id='word_1_5' title='bbox 511 600 680 679; x_wconf 84' lang='lat' dir='ltr'><strong>noluerim,</strong></span> <span class='ocrx_word' id='word_1_6' title='bbox 704 600 783 665; x_wconf 87' lang='lat' dir='ltr'>adeo</span> <span class='ocrx_word' id='word_1_7' title='bbox 805 600 845 664; x_wconf 90' lang='lat' dir='ltr'>de</span> <span class='ocrx_word' id='word_1_8' title='bbox 869 598 1064 664; x_wconf 69' lang='lat' dir='ltr'>serenissimi</span> <span class='ocrx_word' id='word_1_9' title='bbox 1088 598 1247 686; x_wconf 88' lang='lat' dir='ltr'>Principis</span> <span class='ocrx_word' id='word_1_10' title='bbox 1269 601 1377 678; x_wconf 77' lang='lat' dir='ltr'>vestri,</span> <span class='ocrx_word' id='word_1_11' title='bbox 1400 600 1531 667; x_wconf 76' lang='lat' dir='ltr'>dzorum</span> 
     </span>
     <span class='ocr_line' id='line_1_3' title="bbox 282 698 1531 789; baseline 0 -23"><span class='ocrx_word' id='word_1_12' title='bbox 282 703 464 789; x_wconf 69' lang='lat' dir='ltr'>Regentum</span> <span class='ocrx_word' id='word_1_13' title='bbox 486 715 519 766; x_wconf 89' lang='lat' dir='ltr'>et</span> <span class='ocrx_word' id='word_1_14' title='bbox 541 715 647 767; x_wconf 85' lang='lat' dir='ltr'>vestra</span> <span class='ocrx_word' id='word_1_15' title='bbox 669 700 838 765; x_wconf 87' lang='lat' dir='ltr'>voluntate</span> <span class='ocrx_word' id='word_1_16' title='bbox 860 701 1013 772; x_wconf 87' lang='lat' dir='ltr'>incertus,</span> <span class='ocrx_word' id='word_1_17' title='bbox 1040 698 1125 765; x_wconf 87' lang='lat' dir='ltr'>haud</span> <span class='ocrx_word' id='word_1_18' title='bbox 1141 712 1222 788; x_wconf 90' lang='lat' dir='ltr'>puto</span> <span class='ocrx_word' id='word_1_19' title='bbox 1237 722 1432 787; x_wconf 87' lang='lat' dir='ltr'>quemquam</span> <span class='ocrx_word' id='word_1_20' title='bbox 1448 701 1531 767; x_wconf 85' lang='lat' dir='ltr'>adeo</span> 
     </span>
     <span class='ocr_line' id='line_1_4' title="bbox 281 799 1531 889; baseline 0.001 -23"><span class='ocrx_word' id='word_1_21' title='bbox 281 804 350 867; x_wconf 86' lang='lat' dir='ltr'>sore</span> <span class='ocrx_word' id='word_1_22' title='bbox 384 825 491 867; x_wconf 84' lang='lat' dir='ltr'>rerum</span> <span class='ocrx_word' id='word_1_23' title='bbox 523 802 673 889; x_wconf 87' lang='lat' dir='ltr'>iniquum</span> <span class='ocrx_word' id='word_1_24' title='bbox 702 800 859 886; x_wconf 87' lang='lat' dir='ltr'>judicem,</span> <span class='ocrx_word' id='word_1_25' title='bbox 892 800 949 887; x_wconf 91' lang='lat' dir='ltr'>qui</span> <span class='ocrx_word' id='word_1_26' title='bbox 981 799 1062 866; x_wconf 91' lang='lat' dir='ltr'>mibi</span> <span class='ocrx_word' id='word_1_27' title='bbox 1095 800 1176 865; x_wconf 85' lang='lat' dir='ltr'>vitio</span> <span class='ocrx_word' id='word_1_28' title='bbox 1197 813 1312 878; x_wconf 89' lang='lat' dir='ltr'>vertat,</span> <span class='ocrx_word' id='word_1_29' title='bbox 1335 823 1409 865; x_wconf 89' lang='lat' dir='ltr'>cum</span> <span class='ocrx_word' id='word_1_30' title='bbox 1433 816 1531 887; x_wconf 84' lang='lat' dir='ltr'>pacta</span> 
     </span>
     <span class='ocr_line' id='line_1_5' title="bbox 280 901 1530 968; baseline 0.001 -2"><span class='ocrx_word' id='word_1_31' title='bbox 280 902 498 967; x_wconf 74' lang='lat' dir='ltr'>neutralitatis</span> <span class='ocrx_word' id='word_1_32' title='bbox 532 903 618 968; x_wconf 87' lang='lat' dir='ltr'>inter</span> <span class='ocrx_word' id='word_1_33' title='bbox 649 926 707 966; x_wconf 92' lang='lat' dir='ltr'>nos</span> <span class='ocrx_word' id='word_1_34' title='bbox 729 902 812 966; x_wconf 89' lang='lat' dir='ltr'>inita</span> <span class='ocrx_word' id='word_1_35' title='bbox 834 901 1032 966; x_wconf 77' lang='lat' dir='ltr'>Civitatibus</span> <span class='ocrx_word' id='word_1_36' title='bbox 1054 902 1170 967; x_wconf 83' lang='lat' dir='ltr'>vestris</span> <span class='ocrx_word' id='word_1_37' title='bbox 1191 901 1232 966; x_wconf 90' lang='lat' dir='ltr'>dc</span> <span class='ocrx_word' id='word_1_38' title='bbox 1255 925 1315 966; x_wconf 91' lang='lat' dir='ltr'>usu</span> <span class='ocrx_word' id='word_1_39' title='bbox 1338 903 1530 967; x_wconf 87' lang='lat' dir='ltr'>commerci-</span> 
     </span>
     <span class='ocr_line' id='line_1_6' title="bbox 282 1001 1529 1088; baseline 0 -21"><span class='ocrx_word' id='word_1_40' title='bbox 282 1026 383 1081; x_wconf 90' lang='lat' dir='ltr'>orum,</span> <span class='ocrx_word' id='word_1_41' title='bbox 406 1025 470 1067; x_wconf 94' lang='lat' dir='ltr'>non</span> <span class='ocrx_word' id='word_1_42' title='bbox 493 1002 599 1066; x_wconf 89' lang='lat' dir='ltr'>minus</span> <span class='ocrx_word' id='word_1_43' title='bbox 622 1003 652 1066; x_wconf 88' lang='lat' dir='ltr'>S.</span> <span class='ocrx_word' id='word_1_44' title='bbox 676 1003 712 1067; x_wconf 86' lang='lat' dir='ltr'>R.</span> <span class='ocrx_word' id='word_1_45' title='bbox 736 1002 810 1067; x_wconf 82' lang='lat' dir='ltr'>Mrti</span> <span class='ocrx_word' id='word_1_46' title='bbox 831 1003 871 1068; x_wconf 89' lang='lat' dir='ltr'>de</span> <span class='ocrx_word' id='word_1_47' title='bbox 890 1003 980 1087; x_wconf 87' lang='lat' dir='ltr'>justa</span> <span class='ocrx_word' id='word_1_48' title='bbox 1001 1001 1174 1067; x_wconf 79' lang='lat' dir='ltr'>securitate</span> <span class='ocrx_word' id='word_1_49' title='bbox 1191 1016 1397 1088; x_wconf 78' lang='lat' dir='ltr'>prospectum</span> <span class='ocrx_word' id='word_1_50' title='bbox 1414 1002 1529 1067; x_wconf 85' lang='lat' dir='ltr'>velint.</span> 
     </span>
     <span class='ocr_line' id='line_1_7' title="bbox 281 1103 1529 1191; baseline 0.001 -24"><span class='ocrx_word' id='word_1_51' title='bbox 281 1104 351 1168; x_wconf 92' lang='lat' dir='ltr'>lllis</span> <span class='ocrx_word' id='word_1_52' title='bbox 384 1104 452 1168; x_wconf 82' lang='lat' dir='ltr'>haec</span> <span class='ocrx_word' id='word_1_53' title='bbox 479 1104 597 1190; x_wconf 86' lang='lat' dir='ltr'>potina,</span> <span class='ocrx_word' id='word_1_54' title='bbox 620 1104 774 1190; x_wconf 91' lang='lat' dir='ltr'>quicquid</span> <span class='ocrx_word' id='word_1_55' title='bbox 798 1116 847 1168; x_wconf 90' lang='lat' dir='ltr'>est</span> <span class='ocrx_word' id='word_1_56' title='bbox 868 1103 952 1180; x_wconf 86' lang='lat' dir='ltr'>vitii,</span> <span class='ocrx_word' id='word_1_57' title='bbox 977 1103 1185 1179; x_wconf 88' lang='lat' dir='ltr'>adscribatur,</span> <span class='ocrx_word' id='word_1_58' title='bbox 1209 1104 1275 1190; x_wconf 89' lang='lat' dir='ltr'>qui,</span> <span class='ocrx_word' id='word_1_59' title='bbox 1298 1126 1372 1167; x_wconf 91' lang='lat' dir='ltr'>cnm</span> <span class='ocrx_word' id='word_1_60' title='bbox 1395 1118 1529 1191; x_wconf 86' lang='lat' dir='ltr'>possent</span> 
     </span>
     <span class='ocr_line' id='line_1_8' title="bbox 282 1203 1242 1277; baseline -0.002 -8"><span class='ocrx_word' id='word_1_61' title='bbox 282 1228 319 1269; x_wconf 86' lang='lat' dir='ltr'>ac</span> <span class='ocrx_word' id='word_1_62' title='bbox 341 1204 505 1277; x_wconf 88' lang='lat' dir='ltr'>deberent,</span> <span class='ocrx_word' id='word_1_63' title='bbox 528 1226 579 1268; x_wconf 88' lang='lat' dir='ltr'>me</span> <span class='ocrx_word' id='word_1_64' title='bbox 603 1203 662 1269; x_wconf 90' lang='lat' dir='ltr'>hac</span> <span class='ocrx_word' id='word_1_65' title='bbox 684 1203 916 1269; x_wconf 81' lang='lat' dir='ltr'>incertitudine</span> <span class='ocrx_word' id='word_1_66' title='bbox 939 1204 1105 1268; x_wconf 90' lang='lat' dir='ltr'>exsolvere</span> <span class='ocrx_word' id='word_1_67' title='bbox 1128 1204 1242 1268; x_wconf 89' lang='lat' dir='ltr'>nolint.</span> 
     </span>
    </p>

    <p class='ocr_par' dir='ltr' id='par_1_3' title="bbox 280 1303 1530 3708">
     <span class='ocr_line' id='line_1_9' title="bbox 370 1303 1527 1391; baseline 0.003 -24"><span class='ocrx_word' id='word_1_68' title='bbox 370 1305 489 1369; x_wconf 87' lang='lat' dir='ltr'>Verum</span> <span class='ocrx_word' id='word_1_69' title='bbox 522 1328 596 1369; x_wconf 88' lang='lat' dir='ltr'>cum</span> <span class='ocrx_word' id='word_1_70' title='bbox 631 1303 797 1391; x_wconf 78' lang='lat' dir='ltr'>ablegatus</span> <span class='ocrx_word' id='word_1_71' title='bbox 829 1319 863 1369; x_wconf 89' lang='lat' dir='ltr'>et</span> <span class='ocrx_word' id='word_1_72' title='bbox 896 1304 1023 1391; x_wconf 81' lang='lat' dir='ltr'>collega</span> <span class='ocrx_word' id='word_1_73' title='bbox 1056 1304 1322 1370; x_wconf 84' lang='lat' dir='ltr'>Dominationum</span> <span class='ocrx_word' id='word_1_74' title='bbox 1350 1318 1527 1371; x_wconf 77' lang='lat' dir='ltr'>vestrarum</span> 
     </span>
     <span class='ocr_line' id='line_1_10' title="bbox 281 1404 1529 1493; baseline 0.002 -23"><span class='ocrx_word' id='word_1_75' title='bbox 281 1406 468 1492; x_wconf 87' lang='lat' dir='ltr'>spectabilis</span> <span class='ocrx_word' id='word_1_76' title='bbox 501 1405 594 1470; x_wconf 81' lang='lat' dir='ltr'>dznus</span> <span class='ocrx_word' id='word_1_77' title='bbox 617 1404 816 1470; x_wconf 89' lang='lat' dir='ltr'>Reinholdus</span> <span class='ocrx_word' id='word_1_78' title='bbox 838 1404 980 1493; x_wconf 76' lang='lat' dir='ltr'>Eggerta</span> <span class='ocrx_word' id='word_1_79' title='bbox 1003 1428 1061 1492; x_wconf 92' lang='lat' dir='ltr'>pro</span> <span class='ocrx_word' id='word_1_80' title='bbox 1083 1429 1139 1473; x_wconf 83' lang='lat' dir='ltr'>sua</span> <span class='ocrx_word' id='word_1_81' title='bbox 1161 1406 1392 1493; x_wconf 76' lang='lat' dir='ltr'>prudentiane</span> <span class='ocrx_word' id='word_1_82' title='bbox 1415 1407 1529 1472; x_wconf 84' lang='lat' dir='ltr'>dexte·</span> 
     </span>
     <span class='ocr_line' id='line_1_11' title="bbox 281 1506 1527 1590; baseline 0.002 -20"><span class='ocrx_word' id='word_1_83' title='bbox 281 1507 376 1570; x_wconf 90' lang='lat' dir='ltr'>ritate</span> <span class='ocrx_word' id='word_1_84' title='bbox 399 1529 450 1571; x_wconf 89' lang='lat' dir='ltr'>me</span> <span class='ocrx_word' id='word_1_85' title='bbox 473 1520 595 1571; x_wconf 88' lang='lat' dir='ltr'>certum</span> <span class='ocrx_word' id='word_1_86' title='bbox 619 1529 687 1571; x_wconf 89' lang='lat' dir='ltr'>esse</span> <span class='ocrx_word' id='word_1_87' title='bbox 699 1506 833 1590; x_wconf 87' lang='lat' dir='ltr'>jusserit</span> <span class='ocrx_word' id='word_1_88' title='bbox 846 1507 886 1571; x_wconf 91' lang='lat' dir='ltr'>de</span> <span class='ocrx_word' id='word_1_89' title='bbox 902 1507 1063 1571; x_wconf 89' lang='lat' dir='ltr'>constanti</span> <span class='ocrx_word' id='word_1_90' title='bbox 1078 1520 1184 1572; x_wconf 82' lang='lat' dir='ltr'>vestro</span> <span class='ocrx_word' id='word_1_91' title='bbox 1199 1507 1232 1571; x_wconf 92' lang='lat' dir='ltr'>in</span> <span class='ocrx_word' id='word_1_92' title='bbox 1249 1508 1527 1573; x_wconf 80' lang='lat' dir='ltr'>conservationem</span> 
     </span>
     <span class='ocr_line' id='line_1_12' title="bbox 282 1606 1527 1694; baseline 0.002 -24"><span class='ocrx_word' id='word_1_93' title='bbox 282 1607 430 1671; x_wconf 80' lang='lat' dir='ltr'>amicitiae</span> <span class='ocrx_word' id='word_1_94' title='bbox 464 1630 500 1671; x_wconf 90' lang='lat' dir='ltr'>ac</span> <span class='ocrx_word' id='word_1_95' title='bbox 533 1619 698 1693; x_wconf 81' lang='lat' dir='ltr'>pectorum</span> <span class='ocrx_word' id='word_1_96' title='bbox 732 1606 945 1672; x_wconf 70' lang='lat' dir='ltr'>neutralitatis</span> <span class='ocrx_word' id='word_1_97' title='bbox 978 1607 1144 1694; x_wconf 90' lang='lat' dir='ltr'>proposito</span> <span class='ocrx_word' id='word_1_98' title='bbox 1167 1606 1404 1684; x_wconf 73' lang='lat' dir='ltr'>conclamate,</span> <span class='ocrx_word' id='word_1_99' title='bbox 1427 1631 1527 1694; x_wconf 88' lang='lat' dir='ltr'>seque</span> 
     </span>
     <span class='ocr_line' id='line_1_13' title="bbox 281 1707 1528 1795; baseline 0.002 -24"><span class='ocrx_word' id='word_1_100' title='bbox 281 1728 345 1773; x_wconf 88' lang='lat' dir='ltr'>non</span> <span class='ocrx_word' id='word_1_101' title='bbox 369 1707 516 1772; x_wconf 81' lang='lat' dir='ltr'>dubitare</span> <span class='ocrx_word' id='word_1_102' title='bbox 539 1707 756 1786; x_wconf 81' lang='lat' dir='ltr'>affirmaverit,</span> <span class='ocrx_word' id='word_1_103' title='bbox 778 1707 1026 1772; x_wconf 90' lang='lat' dir='ltr'>Dominationes</span> <span class='ocrx_word' id='word_1_104' title='bbox 1047 1721 1179 1781; x_wconf 72' lang='lat' dir='ltr'>vestras,</span> <span class='ocrx_word' id='word_1_105' title='bbox 1202 1709 1230 1772; x_wconf 91' lang='lat' dir='ltr'>si</span> <span class='ocrx_word' id='word_1_106' title='bbox 1252 1708 1360 1772; x_wconf 89' lang='lat' dir='ltr'>oblata</span> <span class='ocrx_word' id='word_1_107' title='bbox 1381 1731 1441 1795; x_wconf 87' lang='lat' dir='ltr'>per</span> <span class='ocrx_word' id='word_1_108' title='bbox 1454 1708 1528 1774; x_wconf 84' lang='lat' dir='ltr'>lite·</span> 
     </span>
     <span class='ocr_line' id='line_1_14' title="bbox 281 1806 1529 1896; baseline 0.001 -23"><span class='ocrx_word' id='word_1_109' title='bbox 281 1830 332 1873; x_wconf 85' lang='lat' dir='ltr'>ras</span> <span class='ocrx_word' id='word_1_110' title='bbox 354 1808 464 1872; x_wconf 90' lang='lat' dir='ltr'>cautio</span> <span class='ocrx_word' id='word_1_111' title='bbox 487 1808 592 1872; x_wconf 89' lang='lat' dir='ltr'>minus</span> <span class='ocrx_word' id='word_1_112' title='bbox 616 1807 696 1872; x_wconf 87' lang='lat' dir='ltr'>mibi</span> <span class='ocrx_word' id='word_1_113' title='bbox 720 1809 885 1872; x_wconf 84' lang='lat' dir='ltr'>videretur</span> <span class='ocrx_word' id='word_1_114' title='bbox 906 1806 1078 1886; x_wconf 86' lang='lat' dir='ltr'>sufficiens,</span> <span class='ocrx_word' id='word_1_115' title='bbox 1100 1807 1198 1872; x_wconf 89' lang='lat' dir='ltr'>talem</span> <span class='ocrx_word' id='word_1_116' title='bbox 1222 1808 1433 1886; x_wconf 84' lang='lat' dir='ltr'>exhibituras,</span> <span class='ocrx_word' id='word_1_117' title='bbox 1456 1833 1529 1896; x_wconf 83' lang='lat' dir='ltr'>quae</span> 
     </span>
     <span class='ocr_line' id='line_1_15' title="bbox 281 1907 1528 1997; baseline 0 -25"><span class='ocrx_word' id='word_1_118' title='bbox 281 1908 447 1973; x_wconf 86' lang='lat' dir='ltr'>securitati</span> <span class='ocrx_word' id='word_1_119' title='bbox 480 1910 510 1972; x_wconf 88' lang='lat' dir='ltr'>S.</span> <span class='ocrx_word' id='word_1_120' title='bbox 542 1908 581 1972; x_wconf 89' lang='lat' dir='ltr'>R.</span> <span class='ocrx_word' id='word_1_121' title='bbox 615 1909 705 1973; x_wconf 80' lang='lat' dir='ltr'>Mztis</span> <span class='ocrx_word' id='word_1_122' title='bbox 737 1907 804 1973; x_wconf 77' lang='lat' dir='ltr'>dmi</span> <span class='ocrx_word' id='word_1_123' title='bbox 839 1907 902 1973; x_wconf 92' lang='lat' dir='ltr'>mei</span> <span class='ocrx_word' id='word_1_124' title='bbox 934 1907 1135 1973; x_wconf 81' lang='lat' dir='ltr'>satisfactura</span> <span class='ocrx_word' id='word_1_125' title='bbox 1167 1922 1260 1984; x_wconf 86' lang='lat' dir='ltr'>esset,</span> <span class='ocrx_word' id='word_1_126' title='bbox 1288 1933 1360 1997; x_wconf 85' lang='lat' dir='ltr'>ega,</span> <span class='ocrx_word' id='word_1_127' title='bbox 1394 1910 1528 1974; x_wconf 86' lang='lat' dir='ltr'>innixus</span> 
     </span>
     <span class='ocr_line' id='line_1_16' title="bbox 281 2009 1529 2097; baseline 0.002 -25"><span class='ocrx_word' id='word_1_128' title='bbox 281 2009 411 2073; x_wconf 91' lang='lat' dir='ltr'>candori</span> <span class='ocrx_word' id='word_1_129' title='bbox 446 2023 551 2074; x_wconf 81' lang='lat' dir='ltr'>resno</span> <span class='ocrx_word' id='word_1_130' title='bbox 585 2024 618 2075; x_wconf 89' lang='lat' dir='ltr'>et</span> <span class='ocrx_word' id='word_1_131' title='bbox 651 2010 751 2097; x_wconf 91' lang='lat' dir='ltr'>probe</span> <span class='ocrx_word' id='word_1_132' title='bbox 774 2010 887 2088; x_wconf 85' lang='lat' dir='ltr'>sciens,</span> <span class='ocrx_word' id='word_1_133' title='bbox 911 2021 1032 2095; x_wconf 88' lang='lat' dir='ltr'>quanta</span> <span class='ocrx_word' id='word_1_134' title='bbox 1054 2009 1280 2074; x_wconf 87' lang='lat' dir='ltr'>benevolentia</span> <span class='ocrx_word' id='word_1_135' title='bbox 1301 2033 1337 2073; x_wconf 91' lang='lat' dir='ltr'>ac</span> <span class='ocrx_word' id='word_1_136' title='bbox 1358 2010 1471 2075; x_wconf 84' lang='lat' dir='ltr'>favore</span> <span class='ocrx_word' id='word_1_137' title='bbox 1495 2010 1529 2074; x_wconf 89' lang='lat' dir='ltr'>S.</span> 
     </span>
     <span class='ocr_line' id='line_1_17' title="bbox 282 2108 1528 2196; baseline 0.001 -24"><span class='ocrx_word' id='word_1_138' title='bbox 282 2109 319 2172; x_wconf 88' lang='lat' dir='ltr'>R.</span> <span class='ocrx_word' id='word_1_139' title='bbox 353 2109 449 2173; x_wconf 80' lang='lat' dir='ltr'>Mztas</span> <span class='ocrx_word' id='word_1_140' title='bbox 472 2109 628 2175; x_wconf 81' lang='lat' dir='ltr'>Civitates</span> <span class='ocrx_word' id='word_1_141' title='bbox 651 2123 770 2174; x_wconf 80' lang='lat' dir='ltr'>vestras</span> <span class='ocrx_word' id='word_1_142' title='bbox 793 2131 965 2195; x_wconf 85' lang='lat' dir='ltr'>earumque</span> <span class='ocrx_word' id='word_1_143' title='bbox 987 2110 1075 2174; x_wconf 87' lang='lat' dir='ltr'>cives</span> <span class='ocrx_word' id='word_1_144' title='bbox 1098 2108 1312 2196; x_wconf 83' lang='lat' dir='ltr'>prosequitur,</span> <span class='ocrx_word' id='word_1_145' title='bbox 1335 2109 1431 2175; x_wconf 87' lang='lat' dir='ltr'>facile</span> <span class='ocrx_word' id='word_1_146' title='bbox 1454 2134 1528 2174; x_wconf 91' lang='lat' dir='ltr'>sum</span> 
     </span>
     <span class='ocr_line' id='line_1_18' title="bbox 281 2208 1530 2297; baseline 0.001 -23"><span class='ocrx_word' id='word_1_147' title='bbox 281 2231 393 2296; x_wconf 83' lang='lat' dir='ltr'>passus</span> <span class='ocrx_word' id='word_1_148' title='bbox 416 2233 467 2274; x_wconf 89' lang='lat' dir='ltr'>me</span> <span class='ocrx_word' id='word_1_149' title='bbox 488 2211 599 2276; x_wconf 92' lang='lat' dir='ltr'>induci</span> <span class='ocrx_word' id='word_1_150' title='bbox 624 2211 662 2275; x_wconf 89' lang='lat' dir='ltr'>ad</span> <span class='ocrx_word' id='word_1_151' title='bbox 690 2210 899 2276; x_wconf 86' lang='lat' dir='ltr'>interdictum</span> <span class='ocrx_word' id='word_1_152' title='bbox 923 2208 963 2274; x_wconf 91' lang='lat' dir='ltr'>de</span> <span class='ocrx_word' id='word_1_153' title='bbox 986 2233 1050 2274; x_wconf 88' lang='lat' dir='ltr'>non</span> <span class='ocrx_word' id='word_1_154' title='bbox 1073 2210 1257 2297; x_wconf 76' lang='lat' dir='ltr'>navigando</span> <span class='ocrx_word' id='word_1_155' title='bbox 1280 2234 1321 2275; x_wconf 84' lang='lat' dir='ltr'>ex</span> <span class='ocrx_word' id='word_1_156' title='bbox 1344 2223 1438 2296; x_wconf 89' lang='lat' dir='ltr'>portu</span> <span class='ocrx_word' id='word_1_157' title='bbox 1462 2210 1530 2275; x_wconf 92' lang='lat' dir='ltr'>Pil·</span> 
     </span>
     <span class='ocr_line' id='line_1_19' title="bbox 281 2310 1530 2399; baseline 0.002 -25"><span class='ocrx_word' id='word_1_158' title='bbox 281 2311 416 2375; x_wconf 84' lang='lat' dir='ltr'>laviensi</span> <span class='ocrx_word' id='word_1_159' title='bbox 439 2311 666 2377; x_wconf 85' lang='lat' dir='ltr'>relaxandum:</span> <span class='ocrx_word' id='word_1_160' title='bbox 690 2335 727 2375; x_wconf 89' lang='lat' dir='ltr'>ea</span> <span class='ocrx_word' id='word_1_161' title='bbox 749 2310 949 2388; x_wconf 89' lang='lat' dir='ltr'>condicione,</span> <span class='ocrx_word' id='word_1_162' title='bbox 973 2324 1011 2375; x_wconf 90' lang='lat' dir='ltr'>ut</span> <span class='ocrx_word' id='word_1_163' title='bbox 1034 2311 1279 2376; x_wconf 88' lang='lat' dir='ltr'>Dominationes</span> <span class='ocrx_word' id='word_1_164' title='bbox 1302 2326 1414 2377; x_wconf 80' lang='lat' dir='ltr'>vestrae</span> <span class='ocrx_word' id='word_1_165' title='bbox 1436 2312 1530 2399; x_wconf 91' lang='lat' dir='ltr'>prins</span> 
     </span>
     <span class='ocr_line' id='line_1_20' title="bbox 281 2410 1528 2499; baseline -0.001 -24"><span class='ocrx_word' id='word_1_166' title='bbox 281 2414 402 2499; x_wconf 91' lang='lat' dir='ltr'>scripto</span> <span class='ocrx_word' id='word_1_167' title='bbox 435 2435 493 2475; x_wconf 91' lang='lat' dir='ltr'>suo</span> <span class='ocrx_word' id='word_1_168' title='bbox 528 2412 606 2476; x_wconf 90' lang='lat' dir='ltr'>mihi</span> <span class='ocrx_word' id='word_1_169' title='bbox 643 2426 779 2477; x_wconf 83' lang='lat' dir='ltr'>caveant</span> <span class='ocrx_word' id='word_1_170' title='bbox 813 2411 897 2475; x_wconf 87' lang='lat' dir='ltr'>bona</span> <span class='ocrx_word' id='word_1_171' title='bbox 930 2410 1003 2489; x_wconf 87' lang='lat' dir='ltr'>fide,</span> <span class='ocrx_word' id='word_1_172' title='bbox 1026 2411 1147 2476; x_wconf 89' lang='lat' dir='ltr'>nnllam</span> <span class='ocrx_word' id='word_1_173' title='bbox 1170 2413 1301 2477; x_wconf 90' lang='lat' dir='ltr'>omnino</span> <span class='ocrx_word' id='word_1_174' title='bbox 1323 2436 1448 2490; x_wconf 85' lang='lat' dir='ltr'>navem,</span> <span class='ocrx_word' id='word_1_175' title='bbox 1472 2412 1528 2476; x_wconf 89' lang='lat' dir='ltr'>cui</span> 
     </span>
     <span class='ocr_line' id='line_1_21' title="bbox 282 2510 1529 2599; baseline 0.002 -24"><span class='ocrx_word' id='word_1_176' title='bbox 282 2512 445 2599; x_wconf 84' lang='lat' dir='ltr'>navigatio</span> <span class='ocrx_word' id='word_1_177' title='bbox 472 2513 535 2577; x_wconf 90' lang='lat' dir='ltr'>ista</span> <span class='ocrx_word' id='word_1_178' title='bbox 556 2536 708 2578; x_wconf 89' lang='lat' dir='ltr'>concessa</span> <span class='ocrx_word' id='word_1_179' title='bbox 730 2513 839 2585; x_wconf 87' lang='lat' dir='ltr'>fuerit,</span> <span class='ocrx_word' id='word_1_180' title='bbox 862 2511 915 2577; x_wconf 87' lang='lat' dir='ltr'>vel</span> <span class='ocrx_word' id='word_1_181' title='bbox 936 2511 970 2576; x_wconf 91' lang='lat' dir='ltr'>in</span> <span class='ocrx_word' id='word_1_182' title='bbox 992 2510 1108 2577; x_wconf 90' lang='lat' dir='ltr'>itinere</span> <span class='ocrx_word' id='word_1_183' title='bbox 1132 2512 1381 2599; x_wconf 78' lang='lat' dir='ltr'>Regiomontum</span> <span class='ocrx_word' id='word_1_184' title='bbox 1403 2536 1529 2591; x_wconf 82' lang='lat' dir='ltr'>versus,</span> 
     </span>
     <span class='ocr_line' id='line_1_22' title="bbox 282 2612 1527 2699; baseline 0.002 -23"><span class='ocrx_word' id='word_1_185' title='bbox 282 2626 338 2676; x_wconf 91' lang='lat' dir='ltr'>aut</span> <span class='ocrx_word' id='word_1_186' title='bbox 370 2614 446 2677; x_wconf 89' lang='lat' dir='ltr'>dum</span> <span class='ocrx_word' id='word_1_187' title='bbox 470 2614 504 2677; x_wconf 93' lang='lat' dir='ltr'>in</span> <span class='ocrx_word' id='word_1_188' title='bbox 526 2613 598 2678; x_wconf 92' lang='lat' dir='ltr'>loco</span> <span class='ocrx_word' id='word_1_189' title='bbox 622 2628 771 2690; x_wconf 86' lang='lat' dir='ltr'>moratur,</span> <span class='ocrx_word' id='word_1_190' title='bbox 794 2625 851 2677; x_wconf 91' lang='lat' dir='ltr'>aut</span> <span class='ocrx_word' id='word_1_191' title='bbox 873 2635 947 2677; x_wconf 88' lang='lat' dir='ltr'>cnm</span> <span class='ocrx_word' id='word_1_192' title='bbox 970 2613 1003 2677; x_wconf 93' lang='lat' dir='ltr'>iu</span> <span class='ocrx_word' id='word_1_193' title='bbox 1026 2625 1157 2699; x_wconf 89' lang='lat' dir='ltr'>portum</span> <span class='ocrx_word' id='word_1_194' title='bbox 1181 2612 1408 2678; x_wconf 87' lang='lat' dir='ltr'>Pillaviensem</span> <span class='ocrx_word' id='word_1_195' title='bbox 1431 2613 1527 2692; x_wconf 86' lang='lat' dir='ltr'>redit,</span> 
     </span>
     <span class='ocr_line' id='line_1_23' title="bbox 282 2712 1528 2800; baseline 0.002 -23"><span class='ocrx_word' id='word_1_196' title='bbox 282 2736 300 2777; x_wconf 89' lang='lat' dir='ltr'>a</span> <span class='ocrx_word' id='word_1_197' title='bbox 322 2736 483 2799; x_wconf 88' lang='lat' dir='ltr'>quoquam</span> <span class='ocrx_word' id='word_1_198' title='bbox 507 2714 620 2777; x_wconf 89' lang='lat' dir='ltr'>stitum</span> <span class='ocrx_word' id='word_1_199' title='bbox 642 2712 684 2800; x_wconf 75' lang='grc' dir='ltr'>[οι</span> <span class='ocrx_word' id='word_1_200' title='bbox 697 2712 833 2800; x_wconf 88' lang='lat' dir='ltr'>statum]</span> <span class='ocrx_word' id='word_1_201' title='bbox 855 2714 964 2778; x_wconf 88' lang='lat' dir='ltr'>autad</span> <span class='ocrx_word' id='word_1_202' title='bbox 981 2713 1081 2778; x_wconf 89' lang='lat' dir='ltr'>alium</span> <span class='ocrx_word' id='word_1_203' title='bbox 1096 2735 1192 2799; x_wconf 88' lang='lat' dir='ltr'>quam</span> <span class='ocrx_word' id='word_1_204' title='bbox 1207 2714 1245 2778; x_wconf 91' lang='lat' dir='ltr'>ad</span> <span class='ocrx_word' id='word_1_205' title='bbox 1261 2716 1528 2779; x_wconf 86' lang='lat' dir='ltr'>commerciorum</span> 
     </span>
     <span class='ocr_line' id='line_1_24' title="bbox 282 2812 1529 2894; baseline 0.002 -17"><span class='ocrx_word' id='word_1_206' title='bbox 282 2836 375 2877; x_wconf 90' lang='lat' dir='ltr'>usum</span> <span class='ocrx_word' id='word_1_207' title='bbox 398 2813 536 2878; x_wconf 88' lang='lat' dir='ltr'>liberum</span> <span class='ocrx_word' id='word_1_208' title='bbox 561 2815 739 2879; x_wconf 88' lang='lat' dir='ltr'>adhibitum</span> <span class='ocrx_word' id='word_1_209' title='bbox 763 2816 818 2894; x_wconf 78' lang='lat' dir='ltr'>iri3</span> <span class='ocrx_word' id='word_1_210' title='bbox 841 2813 935 2879; x_wconf 90' lang='lat' dir='ltr'>sicuti</span> <span class='ocrx_word' id='word_1_211' title='bbox 958 2812 1101 2878; x_wconf 89' lang='lat' dir='ltr'>dehisce</span> <span class='ocrx_word' id='word_1_212' title='bbox 1117 2828 1258 2878; x_wconf 87' lang='lat' dir='ltr'>mentem</span> <span class='ocrx_word' id='word_1_213' title='bbox 1274 2837 1378 2878; x_wconf 86' lang='lat' dir='ltr'>meam</span> <span class='ocrx_word' id='word_1_214' title='bbox 1395 2814 1529 2880; x_wconf 88' lang='lat' dir='ltr'>uberius</span> 
     </span>
     <span class='ocr_line' id='line_1_25' title="bbox 281 2913 1529 3002; baseline 0.002 -24"><span class='ocrx_word' id='word_1_215' title='bbox 281 2913 430 3002; x_wconf 86' lang='lat' dir='ltr'>ablegato</span> <span class='ocrx_word' id='word_1_216' title='bbox 452 2928 556 2979; x_wconf 86' lang='lat' dir='ltr'>vestro</span> <span class='ocrx_word' id='word_1_217' title='bbox 579 2916 735 3001; x_wconf 84' lang='lat' dir='ltr'>explicui,</span> <span class='ocrx_word' id='word_1_218' title='bbox 757 2914 852 3002; x_wconf 87' lang='lat' dir='ltr'>cique</span> <span class='ocrx_word' id='word_1_219' title='bbox 875 2914 1140 2979; x_wconf 87' lang='lat' dir='ltr'>humanissimum</span> <span class='ocrx_word' id='word_1_220' title='bbox 1163 2914 1374 2980; x_wconf 80' lang='lat' dir='ltr'>Laurentium</span> <span class='ocrx_word' id='word_1_221' title='bbox 1395 2915 1529 2980; x_wconf 87' lang='lat' dir='ltr'>Grubbe</span> 
     </span>
     <span class='ocr_line' id='line_1_26' title="bbox 282 3014 1528 3102; baseline 0.002 -24"><span class='ocrx_word' id='word_1_222' title='bbox 282 3014 425 3093; x_wconf 85' lang='lat' dir='ltr'>adiunxi,</span> <span class='ocrx_word' id='word_1_223' title='bbox 460 3039 524 3102; x_wconf 91' lang='lat' dir='ltr'>quo</span> <span class='ocrx_word' id='word_1_224' title='bbox 558 3029 689 3102; x_wconf 86' lang='lat' dir='ltr'>accepta</span> <span class='ocrx_word' id='word_1_225' title='bbox 723 3016 854 3079; x_wconf 85' lang='lat' dir='ltr'>urobis</span> <span class='ocrx_word' id='word_1_226' title='bbox 881 3015 1058 3079; x_wconf 85' lang='lat' dir='ltr'>sufficienti</span> <span class='ocrx_word' id='word_1_227' title='bbox 1081 3014 1321 3080; x_wconf 85' lang='lat' dir='ltr'>adsecuratione</span> <span class='ocrx_word' id='word_1_228' title='bbox 1344 3017 1413 3081; x_wconf 89' lang='lat' dir='ltr'>sine</span> <span class='ocrx_word' id='word_1_229' title='bbox 1437 3039 1528 3080; x_wconf 81' lang='lat' dir='ltr'>mora</span> 
     </span>
     <span class='ocr_line' id='line_1_27' title="bbox 280 3115 1527 3201; baseline 0.002 -23"><span class='ocrx_word' id='word_1_230' title='bbox 280 3115 315 3179; x_wconf 92' lang='lat' dir='ltr'>in</span> <span class='ocrx_word' id='word_1_231' title='bbox 337 3129 475 3180; x_wconf 87' lang='lat' dir='ltr'>castrum</span> <span class='ocrx_word' id='word_1_232' title='bbox 500 3115 692 3181; x_wconf 80' lang='lat' dir='ltr'>Pillaviensc</span> <span class='ocrx_word' id='word_1_233' title='bbox 715 3117 888 3201; x_wconf 85' lang='lat' dir='ltr'>profectus,</span> <span class='ocrx_word' id='word_1_234' title='bbox 911 3138 983 3181; x_wconf 92' lang='lat' dir='ltr'>meo</span> <span class='ocrx_word' id='word_1_235' title='bbox 1005 3115 1135 3181; x_wconf 88' lang='lat' dir='ltr'>nomine</span> <span class='ocrx_word' id='word_1_236' title='bbox 1157 3139 1255 3180; x_wconf 82' lang='lat' dir='ltr'>naves</span> <span class='ocrx_word' id='word_1_237' title='bbox 1276 3116 1378 3180; x_wconf 87' lang='lat' dir='ltr'>libere</span> <span class='ocrx_word' id='word_1_238' title='bbox 1401 3130 1436 3182; x_wconf 90' lang='lat' dir='ltr'>et</span> <span class='ocrx_word' id='word_1_239' title='bbox 1456 3117 1527 3181; x_wconf 90' lang='lat' dir='ltr'>sine</span> 
     </span>
     <span class='ocr_line' id='line_1_28' title="bbox 281 3215 1529 3305; baseline 0 -25"><span class='ocrx_word' id='word_1_240' title='bbox 281 3216 349 3280; x_wconf 91' lang='lat' dir='ltr'>ullo</span> <span class='ocrx_word' id='word_1_241' title='bbox 381 3215 612 3302; x_wconf 87' lang='lat' dir='ltr'>impedimento</span> <span class='ocrx_word' id='word_1_242' title='bbox 645 3218 796 3305; x_wconf 82' lang='lat' dir='ltr'>navigare</span> <span class='ocrx_word' id='word_1_243' title='bbox 825 3219 949 3302; x_wconf 86' lang='lat' dir='ltr'>jubeat.</span> <span class='ocrx_word' id='word_1_244' title='bbox 994 3218 1115 3297; x_wconf 84' lang='lat' dir='ltr'>Quodsi</span> <span class='ocrx_word' id='word_1_245' title='bbox 1138 3240 1214 3281; x_wconf 77' lang='lat' dir='ltr'>vero</span> <span class='ocrx_word' id='word_1_246' title='bbox 1237 3229 1349 3304; x_wconf 86' lang='lat' dir='ltr'>praeter</span> <span class='ocrx_word' id='word_1_247' title='bbox 1372 3240 1462 3303; x_wconf 89' lang='lat' dir='ltr'>spem</span> <span class='ocrx_word' id='word_1_248' title='bbox 1486 3217 1529 3281; x_wconf 87' lang='lat' dir='ltr'>de</span> 
     </span>
     <span class='ocr_line' id='line_1_29' title="bbox 281 3316 1528 3404; baseline 0.001 -23"><span class='ocrx_word' id='word_1_249' title='bbox 281 3340 319 3381; x_wconf 89' lang='lat' dir='ltr'>eo</span> <span class='ocrx_word' id='word_1_250' title='bbox 353 3316 433 3381; x_wconf 89' lang='lat' dir='ltr'>mihi</span> <span class='ocrx_word' id='word_1_251' title='bbox 467 3340 530 3381; x_wconf 93' lang='lat' dir='ltr'>nou</span> <span class='ocrx_word' id='word_1_252' title='bbox 562 3317 663 3381; x_wconf 83' lang='lat' dir='ltr'>fuerit</span> <span class='ocrx_word' id='word_1_253' title='bbox 692 3317 903 3394; x_wconf 82' lang='lat' dir='ltr'>satisfactum,</span> <span class='ocrx_word' id='word_1_254' title='bbox 928 3317 1010 3383; x_wconf 90' lang='lat' dir='ltr'>nihil</span> <span class='ocrx_word' id='word_1_255' title='bbox 1033 3318 1149 3383; x_wconf 85' lang='lat' dir='ltr'>exinde</span> <span class='ocrx_word' id='word_1_256' title='bbox 1173 3317 1262 3382; x_wconf 89' lang='lat' dir='ltr'>aliud</span> <span class='ocrx_word' id='word_1_257' title='bbox 1284 3340 1378 3404; x_wconf 86' lang='lat' dir='ltr'>quum</span> <span class='ocrx_word' id='word_1_258' title='bbox 1401 3333 1528 3382; x_wconf 90' lang='lat' dir='ltr'>certum</span> 
     </span>
     <span class='ocr_line' id='line_1_30' title="bbox 280 3417 1528 3485; baseline 0.003 -4"><span class='ocrx_word' id='word_1_259' title='bbox 280 3441 387 3482; x_wconf 90' lang='lat' dir='ltr'>rerum</span> <span class='ocrx_word' id='word_1_260' title='bbox 410 3430 587 3482; x_wconf 88' lang='lat' dir='ltr'>nostrarum</span> <span class='ocrx_word' id='word_1_261' title='bbox 612 3417 783 3482; x_wconf 90' lang='lat' dir='ltr'>discrimen</span> <span class='ocrx_word' id='word_1_262' title='bbox 805 3432 840 3483; x_wconf 89' lang='lat' dir='ltr'>ct</span> <span class='ocrx_word' id='word_1_263' title='bbox 861 3418 1063 3484; x_wconf 82' lang='lat' dir='ltr'>manifestam</span> <span class='ocrx_word' id='word_1_264' title='bbox 1083 3418 1300 3483; x_wconf 82' lang='lat' dir='ltr'>neutralitatis</span> <span class='ocrx_word' id='word_1_265' title='bbox 1315 3418 1528 3485; x_wconf 84' lang='lat' dir='ltr'>violationem</span> 
     </span>
     <span class='ocr_line' id='line_1_31' title="bbox 281 3517 1527 3605; baseline 0.002 -23"><span class='ocrx_word' id='word_1_266' title='bbox 281 3517 434 3605; x_wconf 83' lang='lat' dir='ltr'>colligere</span> <span class='ocrx_word' id='word_1_267' title='bbox 468 3518 589 3597; x_wconf 87' lang='lat' dir='ltr'>licebit,</span> <span class='ocrx_word' id='word_1_268' title='bbox 622 3520 714 3583; x_wconf 89' lang='lat' dir='ltr'>cuius</span> <span class='ocrx_word' id='word_1_269' title='bbox 746 3518 864 3583; x_wconf 76' lang='lat' dir='ltr'>tabulae</span> <span class='ocrx_word' id='word_1_270' title='bbox 898 3543 962 3583; x_wconf 91' lang='lat' dir='ltr'>non</span> <span class='ocrx_word' id='word_1_271' title='bbox 985 3520 1091 3583; x_wconf 90' lang='lat' dir='ltr'>minus</span> <span class='ocrx_word' id='word_1_272' title='bbox 1117 3518 1283 3583; x_wconf 89' lang='lat' dir='ltr'>securitati</span> <span class='ocrx_word' id='word_1_273' title='bbox 1306 3518 1336 3582; x_wconf 92' lang='lat' dir='ltr'>S.</span> <span class='ocrx_word' id='word_1_274' title='bbox 1360 3519 1397 3584; x_wconf 89' lang='lat' dir='ltr'>R.</span> <span class='ocrx_word' id='word_1_275' title='bbox 1422 3520 1527 3595; x_wconf 77' lang='lat' dir='ltr'>Mttis,</span> 
     </span>
     <span class='ocr_line' id='line_1_32' title="bbox 281 3619 1403 3708; baseline 0.001 -26"><span class='ocrx_word' id='word_1_276' title='bbox 281 3641 376 3704; x_wconf 89' lang='lat' dir='ltr'>quam</span> <span class='ocrx_word' id='word_1_277' title='bbox 399 3619 662 3684; x_wconf 90' lang='lat' dir='ltr'>commerciorum</span> <span class='ocrx_word' id='word_1_278' title='bbox 685 3620 757 3684; x_wconf 87' lang='lat' dir='ltr'>usui</span> <span class='ocrx_word' id='word_1_279' title='bbox 779 3620 941 3708; x_wconf 82' lang='lat' dir='ltr'>expressis</span> <span class='ocrx_word' id='word_1_280' title='bbox 963 3619 1070 3685; x_wconf 90' lang='lat' dir='ltr'>verbis</span> <span class='ocrx_word' id='word_1_281' title='bbox 1092 3621 1256 3706; x_wconf 85' lang='lat' dir='ltr'>provisum</span> <span class='ocrx_word' id='word_1_282' title='bbox 1279 3619 1403 3685; x_wconf 81' lang='lat' dir='ltr'>volunt.</span> 
     </span>
    </p>

    <p class='ocr_par' dir='ltr' id='par_1_4' title="bbox 280 3719 1530 4210">
     <span class='ocr_line' id='line_1_33' title="bbox 366 3719 1530 3807; baseline 0.003 -25"><span class='ocrx_word' id='word_1_283' title='bbox 366 3719 458 3798; x_wconf 79' lang='lat' dir='ltr'>Quod</span> <span class='ocrx_word' id='word_1_284' title='bbox 481 3742 557 3783; x_wconf 85' lang='lat' dir='ltr'>vero</span> <span class='ocrx_word' id='word_1_285' title='bbox 579 3720 710 3806; x_wconf 87' lang='lat' dir='ltr'>buthyri</span> <span class='ocrx_word' id='word_1_286' title='bbox 732 3721 992 3807; x_wconf 85' lang='lat' dir='ltr'>exportationem</span> <span class='ocrx_word' id='word_1_287' title='bbox 1013 3719 1241 3806; x_wconf 85' lang='lat' dir='ltr'>prohibuerim,</span> <span class='ocrx_word' id='word_1_288' title='bbox 1264 3720 1298 3785; x_wconf 94' lang='lat' dir='ltr'>id</span> <span class='ocrx_word' id='word_1_289' title='bbox 1321 3720 1363 3785; x_wconf 95' lang='lat' dir='ltr'>ob</span> <span class='ocrx_word' id='word_1_290' title='bbox 1387 3721 1459 3786; x_wconf 87' lang='lat' dir='ltr'>eiua</span> <span class='ocrx_word' id='word_1_291' title='bbox 1479 3723 1530 3786; x_wconf 90' lang='lat' dir='ltr'>in·</span> 
     </span>
     <span class='ocr_line' id='line_1_34' title="bbox 281 3819 1529 3910; baseline 0.006 -29"><span class='ocrx_word' id='word_1_292' title='bbox 281 3819 397 3906; x_wconf 88' lang='lat' dir='ltr'>opiam,</span> <span class='ocrx_word' id='word_1_293' title='bbox 418 3834 451 3885; x_wconf 91' lang='lat' dir='ltr'>et</span> <span class='ocrx_word' id='word_1_294' title='bbox 473 3820 561 3908; x_wconf 90' lang='lat' dir='ltr'>qnod</span> <span class='ocrx_word' id='word_1_295' title='bbox 585 3844 721 3908; x_wconf 85' lang='lat' dir='ltr'>magnus</span> <span class='ocrx_word' id='word_1_296' title='bbox 743 3822 813 3886; x_wconf 85' lang='lat' dir='ltr'>eius</span> <span class='ocrx_word' id='word_1_297' title='bbox 835 3822 868 3885; x_wconf 90' lang='lat' dir='ltr'>in</span> <span class='ocrx_word' id='word_1_298' title='bbox 891 3821 981 3910; x_wconf 79' lang='lat' dir='ltr'>regio</span> <span class='ocrx_word' id='word_1_299' title='bbox 1004 3822 1150 3886; x_wconf 80' lang='lat' dir='ltr'>exercitu</span> <span class='ocrx_word' id='word_1_300' title='bbox 1174 3843 1259 3898; x_wconf 89' lang='lat' dir='ltr'>usus,</span> <span class='ocrx_word' id='word_1_301' title='bbox 1281 3820 1420 3901; x_wconf 66' lang='lat' dir='ltr'>factum</span> <span class='ocrx_word' id='word_1_302' title='bbox 1444 3822 1529 3888; x_wconf 87' lang='lat' dir='ltr'>inte-</span> 
     </span>
     <span class='ocr_line' id='line_1_35' title="bbox 281 3919 1527 4010; baseline 0.004 -27"><span class='ocrx_word' id='word_1_303' title='bbox 281 3919 341 3984; x_wconf 90' lang='lat' dir='ltr'>rim</span> <span class='ocrx_word' id='word_1_304' title='bbox 375 3921 402 3984; x_wconf 87' lang='lat' dir='ltr'>si</span> <span class='ocrx_word' id='word_1_305' title='bbox 424 3919 619 3988; x_wconf 85' lang='lat' dir='ltr'>intellexero</span> <span class='ocrx_word' id='word_1_306' title='bbox 646 3921 772 3989; x_wconf 87' lang='lat' dir='ltr'>civitati</span> <span class='ocrx_word' id='word_1_307' title='bbox 795 3923 871 3988; x_wconf 89' lang='lat' dir='ltr'>huic</span> <span class='ocrx_word' id='word_1_308' title='bbox 894 3922 1161 4008; x_wconf 87' lang='lat' dir='ltr'>qualitercunque</span> <span class='ocrx_word' id='word_1_309' title='bbox 1184 3923 1223 3987; x_wconf 88' lang='lat' dir='ltr'>de</span> <span class='ocrx_word' id='word_1_310' title='bbox 1246 3945 1284 3986; x_wconf 92' lang='lat' dir='ltr'>eo</span> <span class='ocrx_word' id='word_1_311' title='bbox 1307 3936 1527 4010; x_wconf 88' lang='lat' dir='ltr'>prospectum,</span> 
     </span>
     <span class='ocr_line' id='line_1_36' title="bbox 280 4020 1530 4109; baseline 0.004 -24"><span class='ocrx_word' id='word_1_312' title='bbox 280 4021 327 4085; x_wconf 88' lang='lat' dir='ltr'>ita</span> <span class='ocrx_word' id='word_1_313' title='bbox 359 4044 408 4085; x_wconf 92' lang='lat' dir='ltr'>me</span> <span class='ocrx_word' id='word_1_314' title='bbox 442 4020 475 4085; x_wconf 92' lang='lat' dir='ltr'>in</span> <span class='ocrx_word' id='word_1_315' title='bbox 507 4021 558 4088; x_wconf 90' lang='lat' dir='ltr'>his</span> <span class='ocrx_word' id='word_1_316' title='bbox 591 4038 625 4090; x_wconf 90' lang='lat' dir='ltr'>et</span> <span class='ocrx_word' id='word_1_317' title='bbox 657 4024 771 4090; x_wconf 88' lang='lat' dir='ltr'>ceteris</span> <span class='ocrx_word' id='word_1_318' title='bbox 804 4045 923 4109; x_wconf 85' lang='lat' dir='ltr'>geram,</span> <span class='ocrx_word' id='word_1_319' title='bbox 947 4037 984 4087; x_wconf 92' lang='lat' dir='ltr'>ut</span> <span class='ocrx_word' id='word_1_320' title='bbox 1006 4021 1087 4087; x_wconf 90' lang='lat' dir='ltr'>mihi</span> <span class='ocrx_word' id='word_1_321' title='bbox 1109 4021 1384 4088; x_wconf 80' lang='lat' dir='ltr'>conservationem</span> <span class='ocrx_word' id='word_1_322' title='bbox 1406 4041 1530 4090; x_wconf 81' lang='lat' dir='ltr'>mutuae</span> 
     </span>
     <span class='ocr_line' id='line_1_37' title="bbox 281 4121 1527 4210; baseline 0.003 -24"><span class='ocrx_word' id='word_1_323' title='bbox 281 4135 396 4186; x_wconf 84' lang='lat' dir='ltr'>nostrae</span> <span class='ocrx_word' id='word_1_324' title='bbox 430 4121 579 4186; x_wconf 77' lang='lat' dir='ltr'>amicitia</span> <span class='ocrx_word' id='word_1_325' title='bbox 612 4147 697 4189; x_wconf 82' lang='lat' dir='ltr'>curoe</span> <span class='ocrx_word' id='word_1_326' title='bbox 723 4122 823 4188; x_wconf 87' lang='lat' dir='ltr'>fuisse</span> <span class='ocrx_word' id='word_1_327' title='bbox 846 4123 1102 4210; x_wconf 85' lang='lat' dir='ltr'>deprehendatis.</span> <span class='ocrx_word' id='word_1_328' title='bbox 1147 4123 1236 4189; x_wconf 92' lang='lat' dir='ltr'>Deus</span> <span class='ocrx_word' id='word_1_329' title='bbox 1259 4124 1402 4209; x_wconf 89' lang='lat' dir='ltr'>optimus</span> <span class='ocrx_word' id='word_1_330' title='bbox 1425 4126 1527 4190; x_wconf 78' lang='lat' dir='ltr'>maxi·</span> 
     </span>
    </p>
   </div>
   <div class='ocr_carea' id='block_1_3' title="bbox 280 4222 1529 4409">
    <p class='ocr_par' dir='ltr' id='par_1_5' title="bbox 280 4222 1529 4409">
     <span class='ocr_line' id='line_1_38' title="bbox 280 4222 1529 4312; baseline 0.003 -26"><span class='ocrx_word' id='word_1_331' title='bbox 280 4244 352 4286; x_wconf 92' lang='lat' dir='ltr'>mus</span> <span class='ocrx_word' id='word_1_332' title='bbox 387 4222 506 4286; x_wconf 76' lang='lat' dir='ltr'>Drones</span> <span class='ocrx_word' id='word_1_333' title='bbox 538 4234 659 4286; x_wconf 84' lang='lat' dir='ltr'>vestras</span> <span class='ocrx_word' id='word_1_334' title='bbox 692 4222 870 4288; x_wconf 88' lang='lat' dir='ltr'>incolumes</span> <span class='ocrx_word' id='word_1_335' title='bbox 892 4238 1068 4289; x_wconf 82' lang='lat' dir='ltr'>conservet.</span> <span class='ocrx_word' id='word_1_336' title='bbox 1114 4224 1280 4289; x_wconf 85' lang='lat' dir='ltr'>Dabantur</span> <span class='ocrx_word' id='word_1_337' title='bbox 1302 4223 1452 4312; x_wconf 81' lang='lat' dir='ltr'>Elbingre</span> <span class='ocrx_word' id='word_1_338' title='bbox 1473 4226 1529 4290; x_wconf 86' lang='lat' dir='ltr'>dic</span> 
     </span>
     <span class='ocr_line' id='line_1_39' title="bbox 280 4323 684 4409; baseline 0 -23"><span class='ocrx_word' id='word_1_339' title='bbox 280 4324 321 4388; x_wconf 74' lang='lat'>25</span> <span class='ocrx_word' id='word_1_340' title='bbox 344 4323 449 4409; x_wconf 85' lang='lat' dir='ltr'>April.</span> <span class='ocrx_word' id='word_1_341' title='bbox 473 4327 571 4387; x_wconf 85' lang='lat' dir='ltr'>Anno</span> <span class='ocrx_word' id='word_1_342' title='bbox 594 4324 684 4387; x_wconf 77' lang='lat'><strong>1627.</strong></span> 
     </span>
    </p>
   </div>
   <div class='ocr_carea' id='block_1_4' title="bbox 362 4495 1412 4562">
    <p class='ocr_par' dir='ltr' id='par_1_6' title="bbox 362 4495 1412 4562">
     <span class='ocr_line' id='line_1_40' title="bbox 362 4495 1412 4562; baseline 0.003 -18"><span class='ocrx_word' id='word_1_343' title='bbox 362 4496 559 4559; x_wconf 73' lang='lat' dir='ltr'>ligenhbndlgt</span> <span class='ocrx_word' id='word_1_344' title='bbox 584 4495 706 4560; x_wconf 83' lang='lat' dir='ltr'>koncapt</span> <span class='ocrx_word' id='word_1_345' title='bbox 724 4497 787 4547; x_wconf 85' lang='lat' dir='ltr'>med</span> <span class='ocrx_word' id='word_1_346' title='bbox 806 4496 939 4560; x_wconf 72' lang='lat' dir='ltr'>pbskrltt:</span> <span class='ocrx_word' id='word_1_347' title='bbox 969 4498 1206 4562; x_wconf 61' lang='lat' dir='ltr'>›Refflomantanls</span> <span class='ocrx_word' id='word_1_348' title='bbox 1224 4496 1412 4547; x_wconf 73' lang='lat' dir='ltr'>Civitatibus.»</span> 
     </span>
    </p>
   </div>
   <div class='ocr_carea' id='block_1_5' title="bbox 801 4697 1000 4707">
    <p class='ocr_par' dir='ltr' id='par_1_7' title="bbox 801 4697 1000 4707">
     <span class='ocr_line' id='line_1_41' title="bbox 801 4697 1000 4707; baseline 0.005 -1"><span class='ocrx_word' id='word_1_349' title='bbox 801 4697 1000 4707; x_wconf 63' lang='grc' dir='ltr'>-ο--ο-ο..</span> 
     </span>
    </p>
   </div>
   <div class='ocr_carea' id='block_1_6' title="bbox 0 0 1654 5346">
    <p class='ocr_par' dir='ltr' id='par_1_8' title="bbox 0 0 1654 5346">
     <span class='ocr_line' id='line_1_42' title="bbox 0 0 1654 5346; baseline 0 0"><span class='ocrx_word' id='word_1_350' title='bbox 0 0 1654 5346; x_wconf 95' lang='lat' dir='ltr'> </span> 
     </span>
    </p>
   </div>
  </div>
 </body>
</html>
