3248 5328
1220 453 1284 517 383

75 615 275 702 eugethener
290 615 443 682 effect-ion
459 618 516 683 dee
530 617 699 683 zuetendee
714 618 771 682 der
786 618 996 705 kdniglichen
1009 619 1327 685 Dennemerkiechen

75 717 158 782 undt
193 716 430 802 Keijeeriechcn
465 740 593 785 ermeen
626 717 838 797 informieret,
864 718 948 784 undt
973 719 1135 785 dernebcn
1159 720 1220 806 bey
1244 719 1329 786 mihr

77 889 159 940 liztee
187 897 266 940 certo
294 890 420 951 contidit,
445 890 643 941 Geieitudlnem
668 890 753 954 ipeiue
775 905 829 940 non
847 893 1094 956 interpretatorem
1114 892 1141 940 iu
1161 892 1327 943 deteriorem

76 978 194 1037 portem,
218 975 293 1039 qnod
311 975 396 1024 enimi
415 974 538 1037 pendent
558 988 589 1023 ec
608 976 724 1034 incerte,
743 988 816 1025 ncnc
834 974 947 1039 quidem
965 974 1036 1025 edeo
1055 977 1157 1037 subito,
1174 990 1226 1025 nec
1245 978 1329 1027 collo·

76 1063 139 1108 ceto
162 1060 242 1122 prlne
264 1059 342 1108 iirmo
364 1058 546 1109 iundemento
564 1058 624 1108 ciue
642 1058 762 1119 nonnuli,
779 1058 846 1109 hino
864 1053 994 1123 progredi
1010 1059 1038 1108 in
1057 1060 1233 1110 Germeniem
1251 1056 1331 1123 [non]

78 1144 176 1206 poenit.

162 1227 208 1276 eid
237 1227 448 1290 occupationem
479 1226 602 1277 Memeite
631 1227 705 1290 quod
732 1228 846 1285 attinet,
875 1227 959 1277 iecile
985 1228 1189 1279 iiluetrleeimue
1216 1228 1329 1279 Elector

78 1311 321 1375 Brendebnrgioue
348 1310 525 1371 diiudioebit,
551 1313 650 1375 quenti
677 1311 702 1359 8.
726 1311 754 1361 R
775 1310 855 1361 liztee
875 1310 1056 1361 Celeitudinie
1073 1311 1160 1374 ipeine
1179 1312 1329 1363 amicitiem

78 1395 174 1455 leciri,
193 1396 269 1457 quod
287 1396 358 1444 tenti
377 1397 510 1446 momenti
526 1397 679 1458 negocium.
698 1409 732 1445 ee
751 1409 805 1459 quo
822 1393 897 1457 eelue
915 1395 939 1445 S.
959 1395 988 1443 R.
1008 1393 1081 1444 little
1099 1398 1128 1444 et
1144 1394 1231 1460 Regni
1248 1395 1329 1446 hnlne

79 1478 193 1528 mirifice
212 1479 367 1541 promoveri
387 1491 419 1528 ec
437 1479 578 1543 procurari
597 1477 766 1541 peneltune
785 1481 870 1529 eninm
891 1493 951 1528 cum
972 1478 1145 1528 celsitudine
1159 1479 1245 1542 ipeiue
1257 1495 1329 1530 corn·

79 1562 239 1620 municerit.
258 1563 306 1612 eed
325 1566 354 1612 et
373 1577 452 1620 nouo,
471 1560 633 1625 intelligeue
649 1563 678 1612 id
694 1562 834 1626 ingreium
846 1575 916 1623 eeee,
928 1562 1096 1620 deeeruerit3
1114 1561 1181 1612 iicet
1192 1563 1329 1624 Borueeie‚

79 1650 110 1694 ut
135 1647 288 1696 membrum
312 1646 399 1710 Regni
421 1647 551 1707 Polemio,
569 1661 623 1697 non
643 1649 781 1698 immerito
799 1661 849 1709 pro
867 1648 925 1696 eolo
944 1646 1038 1697 hoetlii
1057 1646 1159 1696 hebere
1178 1654 1281 1711 ponet,
1299 1654 1330 1697 ut

80 1735 197 1794 propter
222 1744 283 1780 eem
310 1731 455 1781 commode
481 1737 578 1782 noetre
600 1733 737 1795 negligere
760 1732 885 1794 inlqoem
903 1731 1039 1791 videetur,
1057 1731 1185 1793 inprimie
1202 1732 1278 1794 quod
1295 1746 1329 1782 οι

80 1815 176 1865 eedem
205 1815 342 1865 hectenue
368 1815 479 1878 quidem
506 1816 611 1865 nullem
637 1828 756 1879 uuquem
784 1815 865 1865 nobie
892 1816 1069 1866 eecuritetem
1098 1818 1260 1878 promittere
1283 1831 1330 1880 po·

81 1900 225 1949 tuerimne.

164 1985 341 2046 Argumentie
367 1984 460 2041 initur,
487 1996 548 2046 quer
574 1983 653 2032 mnne
681 1982 890 2034 Winterieldlue
916 1982 1042 2043 eddnxit,
1064 1997 1114 2033 eno
1136 1984 1199 2033 loco
1215 1985 1330 2043 relictio,

81 2080 171 2130 neque
199 2078 251 2130 per
274 2068 369 2117 omnie
395 2066 568 2131 improbetie,
594 2068 721 2129 inprimie
748 2068 822 2131 qnod
848 2081 898 2130 per
923 2069 1133 2130 ocoupetlonem
1157 2067 1279 2118 ilemeier
1301 2075 1331 2118 et

82 2156 202 2201 centrum
221 2151 327 2202 Ducele
344 2152 382 2201 eit
399 2151 623 2215 oppugntudum‚
640 2156 670 2201 et
687 2151 774 2201 hoetie
792 2151 910 2201 Poionue
929 2153 959 2201 in
977 2150 1076 2201 intime
1093 2153 1201 2202 eiecere
1218 2152 1330 2202 Decelie

82 2233 217 2285 Borneeiee
244 2235 437 2293 ettreheudne,
459 2234 484 2283 S.
506 2235 537 2285 B„
559 2235 639 2285 li2tee
657 2236 712 2285 iem
730 2235 872 2298 preterito
890 2240 1022 2285 eutnmno
1040 2249 1075 2285 ex
1092 2237 1183 2285 literie
1202 2235 1330 2287 lllnetrie·

82 2319 142 2369 elmi
160 2320 300 2369 Electorie
317 2319 497 2382 perepiolene,
515 2321 686 2382 propoeitum
704 2333 782 2370 enum
800 2332 850 2383 per
868 2319 1011 2371 liemelem
1028 2318 1182 2369 intertendt
1199 2319 1330 2370 Pelorum

84 2402 252 2454 Oeleitndini
273 2405 360 2465 ipsine
378 2402 536 2466 dieplioere‚
554 2407 662 2453 mureto
680 2405 796 2453 coneilio
813 2407 953 2453 etetneret
970 2409 1049 2453 eueto
1067 2401 1167 2453 itinere
1185 2417 1235 2467 per
1251 2404 1331 2453 Livo-

83 2489 154 2537 niem
182 2492 214 2537 et
240 2486 438 2537 Ohnriendiem
464 2501 589 2550 premere
609 2486 770 2547 Litium,
793 2491 833 2544 ut,
851 2487 928 2537 hleoe
946 2488 981 2536 ed
1001 2500 1120 2536 eummee
1138 2489 1279 2551 enguetiee
1298 2502 1331 2538 eo

84 2576 185 2621 netum
203 2573 347 2621 reetitetie
363 2571 494 2631 redentie,
510 2570 613 2635 §netem
630 2571 743 2621 tendem
757 2585 855 2635 peoem
867 2575 1053 2635 extorqueret.
1080 2573 1116 2621 At
1127 2573 1330 2623 interveniente

84 2654 145 2705 dno
172 2654 371 2706 Winterteldio
396 2659 426 2705 et
450 2670 507 2705 non
529 2656 609 2705 motio
633 2655 825 2707 liemeieneenr
846 2657 1058 2719 occupetlouem
1076 2655 1263 2717 dieeuedonte‚
1281 2657 1330 2707 eed

84 2739 164 2789 etiem
187 2741 329 2789 inetenter
350 2744 472 2803 urgente,
490 2743 522 2788 nt
540 2739 566 2788 S.
584 2738 613 2787 ii.
633 2739 714 2789 liztee
732 2754 794 2789 oum
810 2740 936 2801 exercitu
953 2741 981 2789 in
1001 2739 1174 2789 Germeuiem
1192 2741 1256 2801 iret,
1275 2754 1330 2790 mu·

84 2822 200 2873 tendum
227 2825 343 2873 elterum
366 2823 510 2873 coneilium
528 2822 590 2883 tuit,
611 2822 696 2886 idque
719 2825 758 2873 ele
776 2823 959 2882 iormeodum,
979 2827 1018 2882 ut,
1036 2836 1098 2872 cum
1115 2823 1152 2872 ob
1171 2825 1249 2887 priue
1267 2838 1331 2874 enu·

85 2914 205 2956 meretee
233 2921 345 2957 ceueeee
371 2907 453 2957 rebue
480 2907 521 2956 eio
547 2908 686 2957 etentibne
713 2910 740 2956 s.
766 2907 796 2957 B.
824 2907 905 2956 liztee
929 2912 1008 2956 recte
1031 2920 1092 2956 cnm
1111 2909 1235 2957 exercitu
1253 2921 1283 2957 ee
1301 2907 1330 2958 in

86 2990 259 3041 dermeniem
283 2992 410 3042 conicere
429 2988 560 3055 uequee‘t,
578 2991 676 3042 eeltem
694 2993 732 3041 eit
749 2994 779 3041 iu
797 2994 959 3055 propinquo.
995 2990 1111 3041 Livonie
1128 2993 1201 3041 enim
1219 3006 1253 3041 eo
1271 2994 1332 3042 loco

86 3077 138 3124 rite
164 3080 218 3136 eet,
244 3080 277 3124 ut
301 3090 353 3126 noe
375 3090 392 3125 ι
410 3076 574 3126 commercio
592 3075 789 3126 Germenorum
808 3068 963 3139 principum
982 3077 1132 3125 interiectu
1150 3074 1202 3125 eoli
1219 3075 1331 3126 hoetilie

86 3163 113 3209 et
137 3162 224 3210 merie
251 3163 354 3220 erenei,
380 3164 465 3224 etque
492 3162 521 3211 in
543 3160 669 3223 hyemem
689 3160 845 3210 inolineute
863 3173 935 3209 euno
954 3159 1037 3222 plene
1054 3159 1331 3210 communicetlouem

87 3258 192 3296 omnem
212 3245 367 3308 ebrumpet.

167 3330 325 3392 Expectare
344 3332 434 3381 entem
453 3329 499 3379 hic
516 3330 712 3379 resolutionem
731 3327 901 3377 definitirem
920 3326 990 3377 nihil
1008 3332 1051 3376 eet
1069 3327 1155 3385 eliud,
1169 3341 1251 3390 quem
1264 3329 1332 3377 dete

86 3426 168 3476 opere
190 3413 264 3463 velle
286 3413 403 3477 perdere
424 3412 497 3462 hune
515 3426 625 3471 ennum,
643 3412 781 3475 elqnidem
799 3425 862 3475 epee
879 3413 958 3461 nuile
976 3412 1014 3461 eit
1030 3411 1108 3461 intre
1125 3411 1205 3461 binoe
1222 3425 1331 3462 meneee

88 3509 247 3560 reeponeum
273 3497 372 3546 heberi
397 3510 490 3560 poeee;
517 3510 572 3559 qno
593 3502 719 3560 tempore
739 3495 881 3559 nevigetio
898 3497 1053 3558 periculoee
1071 3494 1101 3545 in
1119 3497 1187 3547 meri
1205 3495 1332 3547 Beithioo

87 3585 115 3628 et
129 3581 302 3631 trenereetio
320 3582 457 3631 exercitue
475 3579 605 3641 difficule,
622 3581 802 3644 detentloqne
821 3580 960 3631 exercitur
978 3579 1052 3629 domi
1069 3578 1178 3629 inutilie
1195 3585 1225 3629 et
1243 3594 1333 3643 eump-

88 3669 176 3723 tuoee;
204 3671 235 3714 et
260 3666 284 3715 ei
311 3664 400 3715 minue
423 3666 518 3714 emioie
539 3665 686 3715 consilium
708 3666 854 3728 plecuerlt.
872 3669 921 3713 ent
940 3677 984 3715 ree
1001 3665 1110 3713 interee
1127 3665 1259 3727 temporie
1277 3678 1334 3713 mu·

88 3754 151 3797 teter
175 3748 290 3807 inerint,
312 3749 449 3812 periturne
472 3749 518 3799 hic
536 3763 624 3798 ennue
643 3762 699 3799 nen
716 3753 825 3800 tentum
842 3750 898 3797 erit
915 3748 1021 3805 entole,
1039 3747 1090 3796 eed
1108 3748 1234 3810 inprimie
1253 3748 1333 3797 nobie

88 3833 161 3894 lpeie¹
179 3833 280 3895 quiec
296 3846 388 3883 rerum
405 3837 483 3883 etetn
501 3836 586 3883 etiem
604 3832 722 3882 eeletem
741 3838 864 3882 nort-rem
883 3831 1025 3895 negligere
1038 3844 1208 3894 cogeremur.
1234 3830 1332 3894 {teque

89 3914 112 3964 8.
129 3917 159 3966 lt
179 3915 261 3966 liner
278 3921 309 3966 et
325 3917 379 3967 eibi
398 3923 428 3967 et
445 3918 635 3967 communitur
652 3917 748 3965 emioie
766 3915 999 3966 ooneuitieeimum
1017 3914 1163 3978 judicarit.
1182 3920 1212 3964 ut
1227 3922 1332 3978 tempo·

89 4002 124 4050 rie
149 4000 280 4052 lecreudi
306 4014 404 4051 nenne
430 4001 564 4050 edrereue
588 4001 697 4051 hortem
723 4002 864 4063 proprium
891 3999 1111 4063 progrederetur.
1134 4012 1168 4048 ιο
1185 3999 1242 4048 Deo
1260 3998 1332 4048 duce

89 4086 176 4136 heum
203 4085 231 4135 in
258 4084 367 4134 boetico
393 4089 528 4148 quereret
554 4085 709 4135 Germeule
729 4085 925 4147 propinquum.
946 4096 982 4132 οι
999 4096 1053 4146 quo
1071 4082 1178 4132 hortem
1196 4095 1274 4132 enum
1294 4084 1333 4130 in·

90 4170 191 4220 ieetere
215 4174 245 4219 et
266 4168 354 4231 Regni
371 4171 414 4219 eui
431 4172 548 4220 eelutem
567 4182 599 4218 ec
617 4170 796 4219 eccuritetem
814 4180 971 4231 proonrere,
990 4180 1022 4217 eo
1040 4166 1122 4217 elmui
1139 4168 1181 4216 rei
1198 4168 1332 4215 communi

89 4253 240 4317 iurigiiere,
258 4258 288 4302 et
306 4266 368 4302 oum
386 4254 481 4303 enricle
498 4254 534 4302 dc
551 4252 674 4303 eubeidio
692 4252 811 4302 iereudo
828 4256 859 4301 et
875 4250 956 4300 modo
974 4250 1171 4314 progrediendi
1189 4251 1333 4300 commode

91 4339 290 4386 eommunicere
309 4337 409 4399 quiret.

171 4420 244 4470 linio
264 4421 396 4471 inetituto
416 4420 526 4483 Regelie
544 4420 673 4470 Borueeie
691 4420 860 4470 Pomerenim
878 4419 1051 4469 conterminet
1068 4417 1129 4467 viee
1145 4417 1272 4481 inprimis
1290 4423 1333 4467 eet

92 4507 262 4555 contenieue.
301 4503 404 4554 Fecilie
428 4506 499 4553 enim
523 4509 552 4553 et
568 4504 659 4553 brevis
676 4507 761 4554 merie
780 4504 929 4559 treiectne3
947 4506 977 4551 et
993 4501 1030 4550 ob
1050 4503 1223 4551 ricinitetem
1241 4502 1333 4552 Pome-

91 4591 172 4639 renioe
198 4592 280 4639 etiem
303 4594 380 4637 terre
402 4589 513 4638 minime
535 4588 685 4652 impeditur
704 4588 804 4649 editur,
823 4588 872 4651 qul
889 4587 990 4650 purtim
1009 4586 1084 4635 terro
1103 4586 1214 4650 eportet,
1231 4587 1332 4650 partim

91 4678 171 4724 ceute
197 4673 293 4723 heberi
321 4671 399 4721 nullo
425 4674 540 4736 negocio
567 4677 667 4736 poteet.
712 4672 811 4722 Pedem
836 4678 926 4721 entem
946 4684 1005 4719 cum
1025 4669 1088 4719 letio
1106 4671 1189 4735 figere
1207 4674 1336 4734 oporteet
