3264 5354
295 611 384 676 Mais
412 612 614 678 voluntatem
636 635 716 692 osse,
739 625 777 678 ut
797 616 988 701 quantocius
1009 617 1132 692 redeas,
1154 641 1227 683 oum
1250 634 1308 683 tuo
1329 622 1464 685 servitio
1486 620 1547 685 hic

295 712 449 798 indigeat.
496 712 588 778 Vale.
633 713 801 779 Dabantur
828 739 846 780 e
868 717 1081 782 Marienbolm
1105 717 1159 783 die
1181 720 1201 784 8
1224 720 1301 784 Feb.
1324 724 1422 785 Anno
1447 724 1546 787 1625.

379 884 573 950 Egenhaudtgt
598 886 721 950 koncspt
746 889 756 937 l
783 887 964 950 Biksarkiret,
991 890 1163 955 pataoknadt
1192 891 1348 954 ›Roschio›,
1378 894 1500 944 skrllret
1529 895 1548 943 ι

294 983 398 1018 samma
415 969 483 1018 bled
501 983 558 1018 som
577 970 755 1032 roragaends.

816 1155 1017 1168 m

293 1410 344 1465 18.
388 1409 458 1465 'nul
480 1410 587 1465 Ludv.
611 1409 840 1467 camerarius.
975 1412 1181 1470 Harisholm
1203 1416 1237 1471 d.
1261 1418 1303 1471 10
1324 1417 1426 1473 Febr.
1449 1419 1546 1476 1026.

294 1623 456 1673 Resultatsn
475 1624 505 1672 at
522 1624 636 1674 Gabriel
655 1624 833 1674 Gustalsaons
851 1624 1035 1691 beskickning
1052 1629 1095 1678 tfll
1113 1628 1253 1679 Danmark
1266 1632 1318 1681 och
1331 1633 1361 1682 ut
1374 1634 1428 1683 Des
1441 1633 1546 1697 Hayss’

378 1707 592 1770 torhandlingar
621 1708 778 1765 deratadem
809 1709 906 1772 hoplor
935 1711 965 1759 at
993 1710 1226 1777 skrlttrarllngon
1251 1715 1358 1765 darvld.
1402 1717 1544 1768 Kanslarn

378 1792 551 1851 misstanker,
569 1797 613 1841 att
630 1792 785 1842 Danmarls
804 1793 984 1843 olornrodade
1003 1796 1198 1859 upptradanda
1211 1798 1258 1847 tor
1269 1799 1324 1849 den
1337 1814 1545 1863 gamensamma

378 1877 463 1926 sakan
490 1875 595 1926 skedde
622 1877 696 1925 blott
721 1876 766 1926 tor
792 1879 834 1925 att
856 1878 1045 1941 omintstgora
1067 1880 1117 1929 det
1134 1882 1251 1931 svanska
1269 1883 1401 1945 anbudat
1420 1886 1473 1935 ocb
1493 1887 1546 1936 ber

378 1965 505 2025 entragst
531 1960 559 2009 Ο.
586 1964 696 2011 snarast
721 1960 831 2023 moillgt
857 1962 925 2010 soka
951 1963 1086 2026 uttorska,
1113 1964 1183 2014 huru
1209 1966 1323 2016 hirmed
1345 1968 1467 2021 torholle
1490 1971 1544 2033 εἰς.

378 2046 487 2109 svartgc
513 2044 605 2107 vllllgt
632 2047 675 2093 att
700 2044 782 2094 trade
807 2044 937 2104 tlllbaka,
964 2047 1049 2096 shnru
1073 2047 1154 2098 alltld
1172 2049 1352 2101 udhntande
1371 2053 1421 2101 sitt
1439 2054 1544 2103 annuo,

378 2129 427 2179 Om
454 2127 652 2192 hiblptrupper
678 2128 709 2176 at
735 2128 992 2187 Gansralstaterna3
1021 2130 1163 2195 bertigens
1189 2134 1219 2183 at
1245 2134 1365 2185 Welmar
1392 2138 1504 2186 tetrade
1532 2139 1543 2186 1

378 2212 468 2262 dansk
486 2211 582 2275 tibust.

563 2341 739 2430 Magnifice
762 2355 859 2428 atque
882 2343 1094 2430 Amplissime
1116 2345 1266 2411 Domine.

379 2460 546 2524 Miraberis
567 2482 673 2525 rerum
698 2458 940 2547 animorumque
961 2473 994 2525 et
1013 2462 1219 2527 consiliorum
1236 2463 1542 2550 'conversiones'¹)‚

293 2584 353 2626 nec
386 2562 494 2626 forsan
524 2583 636 2625 causas
658 2584 768 2625 earum
791 2561 857 2625 cito
880 2561 1073 2647 adsequeris.
1118 2562 1191 2650 Ego
1213 2564 1328 2628 lubens
1350 2566 1465 2644 fateor,
1488 2591 1541 2632 me

294 2685 358 2726 non
390 2661 585 2749 intelligere.
633 2661 783 2726 Referam
811 2676 917 2726 tamen
943 2678 977 2728 et
998 2676 1085 2749 peto,
1107 2677 1145 2727 ut
1167 2664 1243 2750 quid
1266 2666 1396 2745 sentias,
1420 2667 1543 2753 quidve

295 2763 494 2848 cognoveris,
516 2763 590 2827 data
611 2762 780 2827 occasione
802 2762 989 2849 perscribes.

378 2864 500 2928 Rumor
522 2864 607 2949 apud
630 2885 688 2927 nos
709 2862 920 2940 increbuerat,
944 2886 1083 2951 eumque
1106 2888 1169 2930 non
1193 2866 1322 2931 inanem
1338 2869 1544 2936 testabantur

294 2965 395 3029 literae
427 2965 626 3050 interceptae,
658 2964 699 3028 de
733 2963 849 3049 quibus
883 2976 957 3027 ante
984 2966 1106 3050 scripsi,
1134 2966 1256 3054 Regem
1279 2968 1393 3033 Daniae
1417 2971 1543 3058 agitare

294 3076 451 3131 secretum
473 3087 548 3128 cum
571 3064 694 3128 Polono
715 3065 825 3128 faedus.
869 3063 907 3127 Id
930 3086 1028 3129 causa
1047 3065 1121 3144 suit,
1146 3081 1182 3131 ut
1201 3067 1273 3132 Rex
1289 3091 1380 3135 meus
1395 3071 1544 3136 mitteret

293 3165 445 3230 suumin
467 3164 607 3229 Daniam
629 3165 784 3251 legatum,
807 3164 863 3251 qui
886 3163 919 3228 id
942 3167 1197 3230 communicaret
1219 3191 1293 3232 cum
1314 3170 1405 3258 Rege
1426 3173 1542 3250 amice,

293 3266 492 3354 supplicium
524 3266 608 3330 sumi
642 3278 768 3351 peteret
799 3266 840 3329 de
873 3265 1061 3330 authoribus
1088 3267 1262 3346 literarum,
1290 3282 1323 3334 et
1349 3269 1379 3334 S.
1403 3271 1476 3336 Mai
1499 3273 1541 3338 de

294 3368 413 3432 affectu
445 3367 543 3454 Regis
576 3367 698 3444 Daniae,
733 3379 768 3431 et
800 3367 884 3453 quod
911 3365 994 3432 nihil
1016 3367 1068 3432 vel
1091 3367 1267 3454 agitaretur
1289 3369 1343 3434 vel
1366 3372 1483 3458 agitari
1505 3373 1541 3438 in

294 3482 457 3555 postorum
492 3467 625 3533 deberet
658 3490 733 3531 cum
760 3467 882 3531 Polono
908 3468 941 3531 in
965 3468 1187 3554 praejudicium
1210 3470 1323 3547 nostri,
1346 3473 1463 3537 caveri.
1508 3474 1540 3537 Is

293 3592 378 3633 nunc
403 3570 501 3634 rediit
528 3591 564 3634 ac
591 3568 820 3633 resolutionem
843 3591 900 3632 seu
923 3569 1197 3634 adsecurationem
1220 3571 1265 3634 sic
1288 3572 1366 3636 satis
1388 3573 1540 3660 amplam,

294 3684 462 3756 postquam
484 3693 543 3757 per
563 3670 719 3758 replicem
742 3668 923 3745 institisset,
946 3692 1053 3734 secum
1076 3670 1197 3749 retulit,
1221 3683 1257 3735 ut
1280 3671 1319 3736 iis
1336 3673 1540 3759 acquiescere

293 3785 440 3857 oporteat
450 3771 486 3854 ²).

377 3872 512 3936 Interim
539 3871 681 3936 Gallicus
708 3871 845 3959 legatus,
868 3871 962 3955 cujus
984 3871 1017 3934 in
1041 3872 1143 3938 literis
1165 3873 1245 3938 meis
1267 3874 1430 3961 prioribus
1452 3899 1541 3941 men·

293 3973 415 4039 tionem
436 3973 511 4051 feci,
537 3972 634 4037 rediit
656 3995 674 4037 a
696 3972 791 4037 nobis
812 3972 846 4036 in
869 3970 1018 4049 Daniam,
1040 3986 1109 4038 tum
1133 3986 1169 4037 ut
1191 3974 1311 4062 Regem
1336 3974 1376 4038 ad
1398 3976 1541 4042 dandum

293 4072 545 4138 satisfactionem
578 4074 661 4161 Regi
688 4095 761 4137 meo
790 4085 1002 4160 permoveret,
1029 4086 1098 4139 turn
1121 4089 1159 4139 ut
1180 4097 1388 4163 congressum
1411 4076 1540 4164 Regum

294 4188 431 4261 urgeret.
481 4175 563 4239 Cum
590 4174 742 4239 Hafniam
765 4172 916 4253 venisset,
936 4175 1005 4259 jam
1028 4175 1178 4240 dimissus
1201 4188 1268 4240 erat
1289 4177 1416 4263 legatus
1439 4176 1541 4264 Regis

293 4275 366 4340 mei.
411 4275 545 4340 Interim
569 4276 638 4363 egit
660 4274 731 4362 ipse
753 4275 792 4341 de
808 4297 981 4362 congressu
997 4275 1134 4361 Regum,
1149 4275 1275 4362 hocque
1290 4276 1367 4341 tulit
1382 4278 1539 4364 responsi,

293 4398 357 4440 non
391 4376 561 4462 displicere
594 4375 677 4462 Regi
710 4375 821 4440 Daniae
855 4390 1061 4455 conventum,
1091 4399 1201 4441 verum
1225 4376 1360 4443 Ordines
1385 4377 1539 4444 Saxonici

361 4579 398 4641 ⁸¹)
417 4583 509 4633 orosa
527 4583 602 4632 inom
621 4583 772 4632 arterisker
789 4586 836 4631 bro
853 4583 863 4630 i
882 4581 1030 4646 originalet
1047 4583 1155 4633 skrlfna
1172 4584 1235 4634 mad
1254 4584 1360 4634 chifler.

377 4662 397 4727 ²)
415 4667 459 4717 Jtr
476 4667 561 4717 otvan
579 4666 631 4716 sld.
652 4671 666 4715 5
685 4670 735 4716 not
753 4662 780 4725 ¹).
