3314 5362
356 418 396 479 74

313 583 431 646 teneris
464 581 580 667 palatis
613 596 647 647 et
678 583 786 646 forsan
816 582 917 667 magis
951 581 1105 658 nocitura,
1133 579 1161 643 si
1188 579 1405 665 propalentur,
1433 601 1473 643 ea
1494 601 1567 642 cre·

314 684 420 747 dimus
447 698 479 748 te
506 697 631 748 secreto
659 682 843 746 habiturum
870 704 927 767 pro
951 704 988 745 ea
1010 681 1084 757 fide,
1106 703 1171 767 qua
1193 696 1225 745 te
1247 682 1281 744 in
1305 680 1429 766 Regem
1452 703 1567 744 meum

315 783 512 870 propendere
545 785 620 848 scie.
676 786 723 847 At
756 783 783 845 si
816 782 1000 846 incitaveris
1022 782 1172 868 reliquos,
1195 794 1233 846 ut
1254 780 1321 845 brec
1344 781 1491 857 consilia,
1514 804 1567 844 aa·

316 885 434 949 lutaris
456 906 559 948 causae
581 878 746 948 communi
769 895 802 947 ct
824 883 920 947 simul
943 881 1116 947 coniuncta
1137 905 1210 946 cum
1234 882 1406 946 securitate
1426 895 1460 945 et
1475 905 1566 945 eom·

316 986 411 1050 modo
434 986 531 1049 huius
552 985 656 1072 regni,
680 984 926 1071 amplectantur,
949 984 1075 1047 confide
1098 984 1219 1070 Regem
1243 1006 1349 1046 meum
1366 983 1564 1047 industriam

315 1087 522 1172 studiumque
545 1102 637 1151 tuum
660 1109 718 1172 pro
742 1085 856 1150 merito
872 1100 928 1149 tuo
943 1084 1117 1149 clementer
1132 1097 1460 1170 recompensaturum.
1489 1084 1566 1171 Ego

315 1203 400 1251 certe
434 1209 499 1250 non
532 1200 610 1273 puto
637 1210 687 1250 me
711 1209 823 1255 errare.
851 1186 877 1249 si
900 1184 1115 1250 confidentius
1138 1200 1248 1249 tecum
1271 1208 1342 1271 ago,
1365 1208 1462 1271 quam
1486 1208 1565 1248 cum

317 1288 397 1364 aliis,
422 1302 591 1374 propterea
613 1290 698 1374 quod
722 1300 754 1351 et
775 1287 913 1351 virtutes
936 1301 1008 1350 tuas
1032 1308 1134 1350 amem
1157 1302 1190 1349 et
1206 1300 1238 1349 te
1254 1286 1371 1371 ipsum,
1388 1285 1566 1371 studiaque

315 1404 348 1453 et
374 1389 568 1453 intentiones
590 1403 715 1452 nostras
733 1387 953 1472 junctissimos
976 1400 1097 1472 putem.
1142 1386 1221 1450 Cum
1246 1387 1381 1472 Speusio
1404 1398 1438 1450 et·
1460 1386 1567 1449 Ruth-

316 1490 423 1577 gersio
457 1503 564 1553 tamen
592 1511 722 1552 neeesse
749 1503 808 1563 est,
836 1501 873 1551 ut
899 1488 1115 1552 communices
1137 1488 1310 1571 negocium
1333 1487 1403 1561 hoc,
1427 1486 1455 1550 si
1477 1485 1570 1551 inter

316 1590 440 1675 legatos
475 1589 514 1655 dc
545 1612 670 1653 summa
696 1589 742 1653 rei
765 1588 965 1652 tractandum
988 1588 1097 1652 fuerit.
1145 1587 1233 1651 Vale.
1278 1588 1446 1651 Dabantur
1469 1587 1569 1651 Saok-

318 1690 444 1755 holmiae
467 1691 519 1755 die
544 1693 584 1755 20
608 1690 730 1776 Aprilis
753 1694 816 1753 An.
841 1690 931 1754 1625.

980 1821 1112 1908 Magnif.
1136 1836 1199 1886 tuae
1222 1821 1478 1886 studiosissimus

1002 1922 1142 1986 Axelius
1165 1921 1359 1987 Oxenstiern
1383 1946 1448 2010 mp.

402 2076 550 2141 Adiunxi
584 2076 671 2140 hisce
705 2076 871 2161 exemplar
897 2074 1072 2151 literarum,
1099 2097 1178 2160 quas
1201 2075 1272 2139 Rex
1294 2098 1383 2139 meus
1405 2074 1469 2138 hoc
1492 2075 1569 2160 ipso

317 2179 369 2243 die
402 2178 493 2242 dedit
526 2178 563 2241 ad
599 2176 842 2240 Serenissimum
877 2176 999 2262 Regem
1027 2175 1199 2251 Bohemiae,
1223 2176 1336 2239 missas
1358 2198 1415 2261 per
1438 2177 1570 2239 ordina·

317 2278 401 2342 rium
434 2299 605 2354 cursorem,
640 2290 685 2356 ut,
719 2278 745 2341 si
774 2277 827 2340 hic
852 2277 971 2340 nobilis
984 2278 1011 2358 ¹)
1039 2275 1238 2362 praevonerit,
1263 2276 1398 2341 videatis
1421 2288 1569 2340 mentem

319 2380 415 2464 Regis
439 2380 549 2461 mei2).

699 2519 898 2581 Postscrlptnm
917 2517 934 2565 a
951 2516 1086 2565 sersklldt
1102 2516 1177 2564 blad.

405 2614 515 2689 Volui,
548 2614 739 2677 amicissime
774 2613 964 2689 Cmerarie,
993 2612 1080 2675 hisce
1103 2612 1183 2676 meis
1206 2610 1318 2682 literis.
1341 2632 1467 2674 summa
1491 2634 1570 2675 cum

319 2715 536 2792 festinatione,
555 2738 595 2779 ne
611 2716 731 2801 periret
746 2727 883 2799 tempus,
899 2712 1037 2800 scriptis,
1054 2713 1215 2777 declarare
1228 2711 1326 2799 Regis
1341 2713 1403 2775 mei
1421 2723 1571 2776 mentem

318 2819 351 2880 in
384 2817 436 2891 iis,
471 2839 538 2902 quae
572 2838 657 2878 ntrnc
690 2815 841 2878 videntur
874 2814 927 2899 agi
953 2816 1039 2900 apud
1066 2836 1132 2877 ros.
1179 2812 1249 2877 Hoc
1272 2828 1378 2877 tamen
1402 2827 1434 2875 re
1457 2812 1572 2877 celare

318 2940 381 2981 non
416 2940 556 3003 possum,
592 2918 622 2978 S.
657 2916 694 2979 R.
729 2916 841 2980 Mztem
874 2939 933 2979 nec
961 2914 1047 2978 hisce
1070 2915 1202 3000 quidem
1224 2914 1272 2977 ita
1293 2915 1450 2990 insistere,
1474 2914 1572 3000 quin,

319 3018 446 3082 etiarnsi
478 3017 646 3081 deseratur
679 3038 697 3079 a
729 3018 854 3092 ceteris,
888 3016 1100 3079 nihilomiuus
1133 3030 1241 3079 tamen
1269 3038 1331 3077 uon
1355 3015 1397 3077 sit
1420 3014 1572 3079 animum

318 3120 483 3183 obiecture
509 3118 548 3182 ab
576 3119 664 3181 hisce
692 3116 834 3181 consiliis
857 3130 890 3181 et
913 3116 1122 3180 adsecurandi
1145 3130 1246 3180 status
1269 3115 1318 3177 aui
1342 3130 1383 3189 et,
1407 3131 1572 3201 quantum

317 3221 350 3283 in
385 3218 477 3283 nobis
511 3232 569 3297 est,
603 3219 661 3282 hac
697 3219 749 3281 via
778 3217 917 3301 juvandi
943 3240 1009 3281 rem
1033 3238 1237 3280 communem
1261 3216 1376 3279 nostris
1400 3216 1571 3301 periculis,

318 3321 434 3383 nostrie
464 3320 624 3383 oneribus.
676 3318 795 3381 Vidisti
824 3317 909 3380 eninr
933 3340 974 3380 ex
998 3318 1144 3381 discursu
1167 3319 1241 3381 d:no
1265 3317 1400 3402 Speusio
1423 3316 1496 3380 loco
1519 3339 1572 3380 rc·

318 3421 487 3484 solutionis
510 3420 634 3503 dat0³)‚
657 3420 844 3505 priusquam
869 3418 1057 3482 adventaret
1080 3418 1246 3494 Bellinius‚
1270 3417 1300 3480 S.
1319 3417 1354 3481 R.
1373 3417 1484 3480 Mttem
1496 3418 1572 3501 jam

319 3537 388 3585 tum
423 3521 603 3584 decrevisse
638 3521 671 3583 vi
700 3520 797 3595 omni,
826 3520 881 3585 sed
905 3520 971 3585 suis
994 3532 1120 3583 tuntum
1144 3519 1276 3595 viribus,
1300 3530 1428 3582 etcum
1453 3540 1487 3582 se
1511 3518 1571 3582 ob·

319 3622 430 3686 tulerit
466 3622 633 3686 commoda
670 3622 804 3693 occasio,
840 3621 972 3684 tendere
1011 3621 1051 3685 ad
1088 3620 1169 3684 hanc
1206 3635 1324 3683 metam
1358 3620 1570 3683 succurrendi

319 3723 481 3809 oppressis
514 3735 546 3785 et
578 3722 764 3786 vindicandi
798 3721 977 3786 libertatern
1013 3722 1185 3807 publicam.
1236 3720 1357 3784 Eadem
1385 3719 1569 3783 etiamnum

320 3840 367 3887 est
395 3823 571 3900 sententia;
599 3821 661 3885 hoc
683 3845 769 3899 vcro,
793 3821 878 3907 quod
900 3835 965 3886 tam
990 3822 1117 3907 prolixo
1139 3821 1277 3904 epistola
1298 3821 1422 3904 scripsi,
1445 3821 1572 3906 poterit

319 3924 379 3988 tibi
414 3923 567 3987 inservire
599 3947 655 4008 pro
677 3924 767 4008 justa
793 3923 1007 3988 declaratione
1030 3946 1151 4000 eorum,
1175 3944 1244 4007 quse
1267 3942 1354 3984 nuuc
1377 3921 1429 4006 agi
1453 3921 1571 3985 viden·

320 4042 394 4103 tur„
414 4040 447 4089 et
479 4036 515 4088 ut
548 4025 657 4087 videas
692 4026 798 4088 omnia
830 4024 900 4088 fore
934 4023 1090 4096 faciliora,
1120 4025 1146 4087 si
1174 4044 1193 4086 a
1217 4021 1439 4086 confaederatis
1461 4023 1570 4087 adiuti

320 4127 486 4189 fuerimus.
537 4126 630 4203 Vale,
656 4138 688 4189 et
710 4125 775 4189 haec
799 4149 840 4189 ex
863 4126 958 4190 solito
981 4125 1119 4190 candore
1142 4137 1198 4187 tuo
1220 4123 1430 4210 interpretare
1452 4122 1486 4185 in
1510 4146 1571 4210 op·

320 4227 431 4290 rimam
455 4240 587 4311 partem.

321 4334 408 4341 ..-—..
426 4334 520 4340 .—

406 4383 424 4439 ¹)
441 4385 486 4434 Jrr
505 4392 553 4433 not
570 4380 591 4437 ll
610 4384 661 4432 sid.
682 4387 720 4430 70.

404 4464 424 4523 ²)
444 4468 527 4516 Detta
554 4468 653 4531 tilingg
679 4466 778 4517 endast
803 4469 814 4515 1
841 4468 994 4530 orlglnalet.
1036 4466 1148 4515 Brelvet
1169 4465 1212 4514 tlll
1230 4464 1377 4527 konungen
1397 4464 1426 4512 af
1444 4463 1570 4513 Bdhmen

321 4553 370 4600 har
388 4550 413 4613 ej
435 4551 588 4600 autreliats.

404 4632 425 4691 ³,l
444 4638 477 4686 Sa
497 4636 568 4685 Auel
588 4637 781 4685 Ouerestieraar
800 4635 914 4696 rlmster
932 4636 952 4684 1:
972 4638 995 4696 2,
1013 4635 1063 4684 ald.
1084 4638 1140 4683 729.
