3314 5362
1231 450 1270 513 81

160 621 233 670 aner
259 622 463 685 manuakrlptet
489 621 534 671 till
559 621 612 671 den
631 620 757 670 officisllt
773 621 883 685 utgltna
901 620 990 671 boken
1012 623 1098 670 ’Acta
1115 624 1137 669 tr
1154 621 1314 671 theraa...

95 704 237 754 uooxxrv
251 741 256 752 .
270 742 276 753 .
291 741 296 751 .
310 704 463 754 MDCXXV
487 705 561 754 inter
584 708 728 768 utrlusque
745 706 840 768 Regni,
859 705 963 755 Sueciae
981 708 1003 754 ta
1021 705 1148 765 Polonlae‚
1168 705 1316 755 Senatores

95 793 320 837 ...commutatam
349 790 501 849 (Polonlca,
527 788 722 850 Biksarkivat),
747 789 882 852 jamldrdt
908 789 970 839 med
998 790 1146 852 aftrycket.
1185 789 1200 838 I
1223 803 1315 838 mann·

95 871 192 934 skrlptet
208 874 270 922 med
287 874 492 923 rikskanslarns
508 872 701 935 egenhandlge
714 874 888 923 diverskrilt:
911 874 1039 936 ›Repllea
1052 874 1215 922 Senatorum
1228 873 1315 935 Regni

95 956 177 1005 Suesia
200 953 260 1019 [ad]
285 959 384 1007 literas
406 957 570 1007 Senatorum
591 956 678 1019 Regnl
695 956 816 1007 Polonlas
835 957 983 1021 Magnique
1002 958 1124 1006 Ducatus
1143 957 1315 1007 thhovaniae

93 1042 191 1103 scriptas
208 1056 242 1089 cx
260 1041 406 1091 oomltilsr.

91 1496 135 1549 45.
172 1496 240 1551 'rin
262 1497 448 1567 sigmundt
470 1512 535 1554 von
558 1498 698 1554 Gotaen.
795 1498 996 1555 Stookholm
1019 1499 1052 1554 d.
1075 1500 1096 1553 2
1117 1498 1314 1554 punirent.

40 1744 41 1755 ,
93 1708 303 1772 caramuelem,
331 1728 388 1762 som
415 1712 532 1763 anlandt
558 1726 656 1776 genum
684 1712 770 1776 Spens
797 1713 850 1763 uch
877 1713 975 1773 Ballin,
1002 1714 1070 1774 alsa,
1094 1717 1136 1762 att
1153 1714 1315 1777 konungeus

160 1796 259 1859 lorslag
282 1794 307 1857 ej
332 1797 454 1859 antagits
472 1796 482 1844 i
501 1796 635 1860 England.
673 1795 730 1846 Den
748 1797 911 1846 orruktbara
929 1797 1160 1861 skrlftvaxlingen
1179 1798 1239 1848 med
1258 1799 1316 1860 pol·

160 1880 206 1927 ska
222 1880 317 1938 rudem
335 1881 498 1943 konungens
516 1881 608 1929 beslut
627 1884 670 1930 att
687 1896 724 1930 nu
743 1881 834 1930 nanda
852 1881 894 1943 aig
912 1886 970 1931 mot
987 1880 1073 1931 Pelen
1085 1882 1232 1931 forandrar
1243 1882 1315 1931 doclr

160 1963 183 2025 ej
209 1965 278 2012 hans
305 1965 447 2014 nitalskan
468 1965 513 2013 lor
536 1964 589 2014 den
608 1963 787 2028 evangellaka
805 1964 897 2013 salon.
934 1965 1022 2030 Bykte
1040 1980 1084 2016 om
1102 1966 1315 2015 kosackintalli

160 2047 304 2098 Naumark.

238 2133 351 2194 Bilaga:
369 2132 538 2196 Konungana
556 2133 709 2183 resolution
726 2134 771 2182 tor
789 2132 877 2196 Spens
895 2133 925 2182 ai
942 2132 969 2181 d.
988 2137 1018 2183 el
1038 2132 1103 2196 Mai.

415 2261 589 2349 Magnifice
612 2285 648 2326 ac
671 2262 881 2327 Nobilissime
903 2261 974 2327 Vir.

159 2377 192 2442 In
226 2380 299 2466 ipso
332 2379 382 2442 tui
415 2380 573 2444 discessus
585 2380 613 2463 ¹)
645 2380 780 2444 articulo
808 2380 946 2455 advenit,
976 2378 1024 2443 uti
1047 2379 1142 2457 nosti,
1166 2379 1315 2444 dominus

93 2476 223 2561 Speusius
252 2480 379 2567 legatus
407 2480 505 2567 Regis
532 2480 715 2544 Britanniae.
760 2481 791 2545 Is
813 2494 983 2566 postquam
1006 2479 1158 2544 mandata
1181 2504 1239 2544 sua
1261 2505 1316 2545 ex·

93 2580 239 2660 posuisset,
270 2594 304 2645 et
330 2604 367 2645 ea
393 2604 450 2666 per
472 2604 545 2644 suas
567 2581 822 2645 circumstantias
844 2581 1047 2658 declarasset,
1071 2581 1208 2667 expetiti
1230 2604 1315 2645 com-

93 2682 178 2743 munis
208 2683 337 2747 saederis
371 2705 461 2767 spem
495 2681 588 2745 nobis
622 2683 774 2768 praecidit.
829 2681 902 2745 Rex
934 2681 1020 2746 enim
1055 2681 1228 2746 Britanniae
1260 2706 1317 2769 per

93 2779 238 2869 eu[n]dem
268 2781 478 2867 significavit,
506 2783 568 2847 sibi
595 2782 793 2869 impossibile
821 2804 889 2846 esse
912 2783 953 2846 ob
976 2782 1135 2846 maximos
1158 2797 1315 2869 sumptus,

40 2962 41 2975 χ
94 2903 156 2964 quos
180 2908 264 2949 nunc
292 2886 386 2962 ferat,
414 2884 586 2970 quicquam
610 2883 747 2969 amplius
771 2883 916 2960 subsidii,
939 2906 1036 2969 quam
1057 2884 1091 2946 in
1114 2883 1204 2947 mille
1227 2885 1315 2971 equi·

93 2995 130 3044 tes
158 2999 189 3048 et
220 2986 305 3050 6000
331 2987 457 3071 pedites
483 2985 542 3048 sub
571 2985 672 3073 signis
695 2984 794 3072 Regis
817 2984 928 3048 Daniae
950 2984 1105 3061 conferre,
1129 2985 1315 3071 Regemque

94 3103 180 3148 meum
211 3086 389 3163 excusavit,
424 3087 450 3149 si
477 3086 511 3149 in
535 3107 671 3172 praeaens
695 3085 829 3149 ulterius
851 3109 915 3149 non
938 3084 1197 3173 progrederetur;
1220 3085 1316 3150 sicuti

93 3203 125 3245 ex
143 3186 297 3270 capitibus
320 3186 550 3274 propositionis
573 3187 663 3250 factae
685 3186 860 3273 intelliges.

161 3285 368 3352 Confirmavit
400 3287 493 3351 nobis
518 3286 552 3350 id
580 3287 687 3374 ipsum
709 3287 860 3351 dominus
883 3286 1041 3351 Bellinius
1065 3309 1122 3372 per
1143 3286 1253 3351 literas
1275 3287 1315 3352 ad

94 3405 132 3448 me
160 3388 291 3475 scriptas
325 3389 420 3476 Haga
454 3387 637 3472 Comitis2),
665 3402 782 3453 cuncta
806 3388 844 3452 ad
867 3388 1006 3453 reditum
1029 3410 1123 3450 suum
1147 3411 1188 3451 ex
1211 3386 1316 3451 Gallia

95 3502 196 3552 mutata
221 3490 321 3554 fuisse
347 3490 382 3553 in
406 3488 538 3576 Anglia,
561 3501 731 3575 postquam
753 3488 900 3553 auditum
922 3489 1034 3566 fuerat,
1058 3489 1181 3575 Regem
1204 3488 1315 3551 Daniae

94 3605 119 3648 se
146 3590 302 3668 communi
335 3591 473 3675 negocio
506 3590 705 3677 procurando
732 3590 954 3654 immiscuisse.
1003 3588 1161 3652 Videmus
1184 3612 1313 3675 quoque

95 3688 215 3754 subsidio
238 3690 363 3755 Gallico
385 3691 466 3755 tales
489 3689 696 3755 condiciones
719 3714 871 3765 annexas,
894 3705 1017 3754 utnon
1040 3689 1202 3754 immerito
1223 3689 1315 3754 dubi·

95 3801 147 3853 tare
175 3791 279 3870 liceat,
313 3814 411 3879 quem
441 3792 484 3855 sit
513 3790 665 3856 effectum
687 3789 884 3856 habiturum.
928 3791 1071 3877 Tempus
1094 3813 1169 3855 vero
1191 3792 1237 3855 rei
1260 3814 1315 3879 ge·

94 3889 178 3953 rendae
218 3893 354 3956 nimium
399 3893 532 3971 labitur;
575 3891 706 3978 haecque
744 3904 900 3978 perpetua
934 3892 1130 3956 incertitudo
1166 3903 1199 3955 et
1234 3890 1316 3956 fecit

94 3986 226 4058 fluctuare
260 3994 395 4058 consilia
428 4008 537 4058 nostra
569 3994 733 4079 integrum
765 4015 853 4056 nunc
883 3993 984 4058 ferme
1013 4015 1141 4069 annum,
1164 4014 1223 4055 nec
1245 3992 1314 4055 aine

94 4086 274 4158 incommodo
301 4107 410 4159 nostro
437 4095 593 4159 incertam
621 4095 727 4161 tenuit
749 4093 779 4156 S.
804 4093 840 4156 R.
864 4094 975 4158 M:tem
998 4094 1172 4179 hucusque,
1195 4105 1233 4157 ut
1253 4116 1314 4157 nec

95 4189 213 4259 animose
245 4195 379 4283 adgredi
413 4194 586 4281 negocium
620 4217 801 4272 commune,
833 4217 893 4258 nec
926 4194 1018 4257 firmo
1052 4195 1216 4280 proposito
1248 4194 1314 4257 suis

95 4290 170 4357 rebus
190 4298 372 4384 prospicere
395 4296 547 4382 potuerit.

96 4425 272 4445 x—

162 4496 180 4559 1)
197 4503 245 4554 Om
263 4518 288 4552 v.
302 4504 422 4555 Gotrens
434 4502 616 4564 beskieknlng
629 4501 681 4551 och
694 4501 957 4565 beskicknlngsacts
969 4514 998 4550 se
1011 4499 1102 4549 nedan
1115 4500 1166 4549 ald.
1177 4502 1209 4548 89
1220 4504 1275 4550 not.
1285 4496 1315 4559 ⁴).

161 4579 298 4642 'lFlnnes
324 4587 333 4635 i
361 4588 461 4650 ntdrag
484 4587 569 4636 bland
592 4585 695 4635 Balllns
714 4585 777 4635 bret
795 4585 839 4635 tlll
857 4584 994 4645 kanslern,
1014 4585 1231 4634 Oxenstiernske
1248 4600 1315 4635 sam·

96 4660 178 4727 linger,
194 4670 376 4721 Riksarklret.

163 4772 217 4819 aad
235 4774 397 4823 Ozmtitrau
416 4773 436 4819 1.·
453 4775 478 4819 3.
