3290 5360
1246 456 1308 519 721

90 624 253 687 omnibus
287 622 409 687 viribus
442 636 589 710 paratum
622 622 678 702 iri3
708 645 768 687 nec
790 622 964 688 difficulter
985 621 1020 687 id
1044 623 1225 710 prospicere
1248 624 1349 709 potui.

99 724 141 788 ln
170 723 328 810 portubus
355 746 432 788 vero
454 723 641 789 claudendis
664 746 728 788 non
752 723 835 788 male
858 746 875 788 n
899 723 1029 788 Polonis
1049 724 1239 803 indicatum,
1263 725 1349 811 quod

93 821 327 889 Gedanenscm
361 824 509 890 claudere
542 823 655 902 nolint,
689 847 765 889 curn
797 824 901 889 sciant
932 824 1019 890 hunc
1048 848 1066 889 s
1091 825 1184 889 nobis
1207 825 1348 890 studiose

94 925 309 991 observatum
342 925 383 989 iri
416 948 475 990 nec
507 924 654 1012 indigere
687 925 816 990 decreto
849 947 917 988 suo.
969 925 1006 991 ld
1039 950 1117 992 vero
1139 939 1267 1014 gratum
1291 940 1350 1004 cst,

98 1049 170 1090 non
193 1048 262 1090 esse
285 1026 425 1091 Polonos
448 1025 569 1091 alienos
593 1048 611 1089 a
633 1025 868 1091 reassumendis
889 1026 1090 1105 tractatibus,
1115 1040 1210 1114 etque
1227 1028 1349 1093 utinam

101 1126 190 1192 serio
211 1140 246 1190 et
267 1126 393 1192 meliori
416 1150 512 1212 quam
534 1126 691 1192 hactenus
712 1140 842 1192 eventu.

191 1228 241 1291 Dc
264 1241 408 1313 tempore
430 1250 620 1314 congressus
643 1228 744 1292 nostri
766 1250 802 1293 uc
824 1228 895 1292 loco
918 1251 982 1292 nou
1004 1240 1084 1315 puto
1104 1228 1228 1316 aliquid
1245 1228 1350 1294 sdhue

96 1351 124 1392 a
147 1350 200 1392 me
223 1327 440 1404 statuendum,
464 1327 651 1415 priusquam
672 1341 795 1393 eeteros
813 1328 847 1392 in
862 1327 1043 1415 propinquo
1058 1351 1126 1393 csse
1141 1329 1350 1410 intellexer03

103 1429 228 1494 hebent
254 1430 341 1494 enim
367 1429 401 1493 in
425 1451 511 1493 more
535 1430 676 1516 positum
698 1428 819 1494 iniecta
840 1428 880 1494 de
902 1428 992 1494 hisce
1016 1430 1242 1495 minutioribus
1265 1430 1351 1496 solli·

96 1528 252 1594 -eitndine
286 1529 432 1595 homines
459 1529 579 1608 ludere,
608 1553 642 1594 ac
670 1529 696 1593 si
720 1529 785 1594 cito
808 1543 916 1596 essent
938 1529 1126 1608 advolaturi,
1150 1547 1246 1620 stque
1269 1532 1352 1597 nihi·

104 1630 249 1696 lominus
276 1630 309 1694 in
331 1630 465 1717 longum
488 1630 618 1696 differre
641 1644 823 1696 tractatum.
867 1631 1037 1696 Adventus
1059 1633 1352 1699 commissariorum

104 1731 338 1796 Polonicorum
361 1731 616 1797 subministrabit
639 1731 731 1796 nobis
753 1731 943 1796 facultatem
965 1733 1046 1797 certi
1068 1734 1189 1821 aliquid
1211 1734 1253 1800 de
1272 1749 1353 1801 tem·

100 1856 186 1919 pore
220 1831 398 1911 statuendi3
431 1831 521 1896 locus
554 1855 642 1909 vero,
676 1856 750 1896 curn
780 1833 823 1896 sit
844 1833 987 1919 utrisque
1010 1847 1154 1899 nostrum
1177 1835 1352 1921 capiendus

97 1957 151 1998 >ex
185 1955 276 2019 aequo
309 1936 504 2012 commodus,
534 1956 663 1997 necesse
691 1947 750 2012 est,
773 1946 810 1996 nt
832 1933 907 1997 anni
930 1934 1099 2021 temperiei
1122 1935 1352 2023 securitatique

105 2048 225 2098 nostrae
260 2034 436 2121 adaptetur.
491 2035 541 2099 De
569 2057 632 2121 quo
655 2034 724 2118 jam
752 2048 826 2099 ante
848 2050 990 2099 mentem
1012 2058 1115 2100 meam
1138 2037 1293 2123 explicui,
1317 2051 1354 2102 ut

105 2135 140 2198 in
174 2134 331 2223 Neringiu
354 2134 425 2199 loeo
447 2135 533 2199 inter
553 2134 716 2199 Hdfftium
738 2148 772 2199 et
794 2135 985 2200 Dantiseum
1007 2137 1200 2202 intermedio
1222 2161 1354 2224 congre·

97 2236 250 2315 diamur3
281 2248 376 2322 atque
397 2235 447 2299 illi
470 2235 575 2301 adhuc
598 2235 721 2311 insisto,
743 2236 806 2300 nisi
828 2238 911 2301 forte
934 2236 1057 2302 interes
1079 2238 1233 2324 temporis
1255 2252 1352 2327 atque

105 2336 187 2400 dum
226 2336 403 2403 adveniunt
436 2335 560 2415 Poloni‚
598 2336 718 2424 aliquid
755 2336 885 2413 incidat,
923 2338 1008 2423 quod
1041 2336 1125 2404 hanc
1158 2341 1351 2405 sententiam

107 2459 215 2503 meam
238 2451 361 2502 mutare
384 2451 489 2523 quest.

197 2538 246 2601 De
278 2537 450 2624 principali
484 2539 614 2623 negotio
647 2550 771 2603 constat
804 2538 883 2602 mihi
917 2539 1059 2625 quidem,
1081 2540 1115 2603 ni
1136 2540 1241 2619 fallor,
1264 2564 1354 2606 mens

108 2638 142 2703 S.
177 2638 215 2702 R.
249 2637 337 2702 Mztis
371 2638 437 2702 d:ni
471 2639 534 2703 mei
567 2638 819 2704 clementissimi.
875 2639 999 2704 Verum
1027 2664 1098 2705 cum
1125 2640 1207 2705 illud
1231 2665 1355 2728 nupero

106 2752 250 2805 tractatu
271 2753 391 2812 nostro.
412 2739 634 2804 insistentibus
657 2739 797 2819 Polonis‚
820 2742 1077 2826 suspenderetur,
1101 2741 1190 2806 nulla
1213 2743 1293 2807 mihi
1316 2744 1355 2809 de

100 2864 149 2906 »eo
173 2838 290 2927 agendi
313 2853 453 2925 potestas
478 2841 669 2905 mandstave
692 2840 768 2905 duta
789 2855 875 2906 sunt.

197 2940 274 3004 Haec
296 2941 331 3005 in
353 2963 490 3026 presens
512 2942 713 3028 respondisse
736 2942 906 3007 sufficiant.
951 2942 1023 3030 Ego
1046 2965 1121 3007 vero
1144 2944 1258 3008 Dzibus
1281 2946 1356 3010 vzris

104 3065 177 3106 non
211 3064 341 3127 possum
373 3065 436 3106 non
468 3065 561 3131 agere
583 3066 724 3107 summas
746 3044 864 3131 gratias
887 3066 945 3130 pro
968 3043 1076 3108 studio
1098 3068 1157 3109 suo
1179 3044 1355 3133 officiisque

106 3144 146 3207 in
169 3142 231 3207 hoc
254 3144 387 3230 negotio
404 3144 568 3230 praestitis3
592 3144 735 3230 mihique
753 3145 855 3229 msgis
871 3166 967 3230 quum
983 3144 1048 3208 dici
1064 3158 1171 3230 potest
1186 3146 1356 3211 molestum

109 3256 171 3321 est,
206 3242 292 3329 quod
326 3243 444 3307 D:ones
479 3267 552 3308 vzrae
578 3245 617 3309 ad
640 3267 800 3309 summum
826 3267 926 3331 usque
947 3244 1115 3309 fastidium
1139 3269 1227 3311 mors
1248 3260 1282 3311 et
1303 3271 1358 3312 ex·

102 3343 315 3430 ‚spectatione
338 3345 573 3410 excrucientur.
619 3345 740 3409 Verum
763 3368 834 3409 cum
858 3368 896 3408 eo
920 3367 969 3408 res
992 3346 1168 3424 devenerit,
1185 3360 1223 3411 ut
1240 3348 1358 3431 nunc¹)

109 3444 296 3508 necessario
322 3443 389 3508 haec
412 3445 524 3530 hyems
546 3447 580 3509 in
603 3444 653 3509 his
675 3447 738 3510 oris
760 3446 803 3509 sit
824 3445 1032 3522 absumenda,
1054 3447 1240 3534 quicunque
1262 3471 1358 3513 even·

107 3560 165 3610 tus
198 3567 391 3629 congressus
424 3547 524 3610 nostri
557 3546 666 3623 fuerit,
701 3560 780 3633 puto
813 3547 892 3632 ipsis
915 3545 987 3621 hoc,
1011 3547 1166 3634 quiequid
1189 3562 1248 3623 est,
1271 3548 1358 3613 tssdii

107 3668 274 3731 moraeque
309 3646 444 3731 patienti
477 3648 583 3710 animo
611 3649 837 3734 superandum.
882 3647 1046 3726 Quantum
1070 3650 1200 3712 veroin
1224 3665 1358 3726 meost,

103 3768 241 3831 semper
267 3746 347 3809 mihi
374 3769 458 3811 eurae
480 3748 623 3812 futurum
648 3748 718 3825 erit,
742 3763 778 3812 ut
801 3749 977 3812 secundum
1001 3750 1151 3815 mundata
1174 3749 1272 3836 Regis
1295 3751 1359 3814 mei

110 3862 147 3913 et
181 3847 317 3910 sulutem
352 3848 462 3933 potriae
495 3848 599 3911 officia
635 3848 772 3912 Dtonum
802 3872 940 3913 vsrorum
964 3849 1045 3915 bene
1067 3850 1276 3915 collocentur.
1323 3850 1359 3913 ln

105 3948 231 4013 ceteris
265 3960 301 4011 ut
334 3948 453 4012 Dzonos
486 3972 559 4012 v:rae
587 3949 709 4034 optime
737 3949 874 4027 valeant,
899 3950 1004 4014 Deum
1028 3974 1070 4014 ex
1092 3952 1215 4015 intimis
1238 3973 1360 4038 precor.

111 4049 286 4113 Dabuntur
308 4048 454 4136 Elbingae
478 4050 530 4114 die
554 4053 572 4114 2
596 4049 783 4115 Decembris
806 4056 903 4115 Anno
927 4053 1019 4116 1627.

851 4236 1134 4300 Dominst-ionibus
1163 4236 1277 4300 vestris

861 4338 900 4400 ad
923 4337 1029 4400 officia
1051 4337 1272 4422 paratissimus

878 4438 1016 4500 Axelius
1039 4438 1262 4502 (lxenstierna.

115 4592 321 4600 --—------

202 4672 223 4734 ι)
243 4677 351 4725 »Nurum
373 4677 475 4725 endast
492 4678 502 4725 l
520 4676 650 4739 kopisnl
673 4678 858 4728 ›Hellandske
878 4678 1051 4740 Legateruus
1068 4679 1203 4742 Journal».

202 4777 263 4824 Asel
282 4778 439 4825 Oeensticraa
457 4781 479 4826 1.-
496 4783 519 4825 3.
1263 4774 1297 4827 46
