3264 5354
1247 450 1296 531 'tl

86 633 263 718 quiequam
286 631 328 695 de
352 655 392 697 eo
414 632 536 697 sinistri
554 631 727 716 judicaret.
773 633 803 696 S.
827 633 864 697 R.
887 632 984 696 Mttns
1006 634 1067 696 etsi
1091 646 1266 718 praetextus
1282 633 1340 697 hos

86 732 146 797 sibi
179 733 300 797 noxios
332 734 403 798 fore
433 745 570 810 censeat,
598 747 705 799 tamen
731 733 861 819 putavit
881 732 1016 797 ferendo
1036 732 1104 797 haec
1126 733 1340 811 incommode,

87 856 120 897 sc
154 834 366 898 tolerandum
399 834 546 919 quemvis
578 858 739 899 rumorem
773 835 880 920 spargi
907 856 963 898 seu
994 856 1106 897 verum
1133 856 1190 897 seu
1213 834 1340 909 fulsum,

88 935 182 1000 modo
205 933 333 1020 aliquid
357 934 518 999 commodi
542 934 655 999 afferre
677 936 842 999 communi
865 957 968 999 eausae
991 935 1108 1021 possit;
1131 948 1227 1021 atquc
1246 934 1286 999 dc
1302 957 1341 999 eo

87 1033 125 1097 ad
158 1035 287 1122 Regem
322 1035 434 1099 Daniae
466 1034 604 1121 scripsit,
630 1049 664 1099 et
690 1048 729 1100 ut
750 1035 876 1122 legetus
899 1035 1043 1100 Gallicus
1065 1034 1153 1099 idem
1175 1035 1340 1112 scriberet,

84 1136 181 1220 jussit
192 1137 231 1219 ¹).
277 1136 364 1214 Quid
386 1158 473 1199 nunc
494 1135 643 1199 futurum
666 1138 717 1212 sit,
740 1135 961 1222 intelligemus
984 1135 1180 1222 propediem.

170 1236 249 1300 Non
283 1258 415 1321 possum
449 1234 509 1298 hac
543 1236 711 1300 occasione
743 1237 957 1301 intermittere
984 1236 1176 1301 familiarius
1199 1250 1231 1301 te
1254 1259 1340 1300 com·

90 1334 244 1423 pellendi.
303 1336 399 1400 Nosti
432 1335 679 1401 Serenissimum
714 1351 806 1401 tuum
834 1336 873 1402 de
900 1336 1100 1402 restituenda
1121 1360 1154 1402 re
1177 1338 1341 1401 communi

91 1460 145 1524 per
171 1436 353 1501 Bellinium
382 1460 456 1500 eum
479 1438 567 1523 Rege
590 1460 660 1501 meo
683 1438 798 1524 egisse,
822 1461 858 1502 ac
882 1438 912 1502 S.
937 1438 980 1502 M.
1004 1461 1062 1524 pro
1085 1461 1191 1502 amore
1215 1461 1342 1502 succur-

6 1532 7 1545 ’
90 1537 180 1602 rendi
202 1537 427 1602 laborantibus
454 1538 576 1616 amicis,
599 1537 750 1625 sepositis
774 1563 810 1603 ec
833 1538 990 1626 neglectis
1011 1538 1252 1626 impedimentis
1274 1538 1343 1625 qui·

91 1639 304 1725 buscumque,
333 1637 580 1724 propensionem
607 1662 698 1703 suam
724 1639 919 1713 declarasse3
943 1662 1007 1703 non
1029 1639 1178 1725 equidem
1201 1639 1287 1725 quod
1311 1638 1341 1703 S.

92 1740 126 1803 R.
160 1739 262 1803 Mztas
296 1738 330 1802 id
364 1738 470 1803 oneris
501 1762 537 1803 ac
565 1739 701 1826 periculi
727 1740 829 1805 nollet
851 1742 959 1827 potius
982 1740 1015 1804 in
1040 1740 1138 1804 ulium
1161 1741 1341 1828 principem

91 1863 183 1926 quem
219 1863 254 1905 se
290 1839 439 1913 derivari,
468 1840 523 1904 sed
546 1839 632 1926 quod
655 1841 770 1905 ceteris
793 1841 1014 1927 spectantibus
1038 1864 1074 1905 ac
1092 1842 1168 1926 jura
1189 1841 1342 1906 neutrali·

91 1943 164 2005 tetis
187 1939 410 2028 gaudentibus
427 1940 529 2005 nollet
546 1940 751 2006 Pontificism
765 1942 957 2027 religionem
974 1965 1010 2005 ac
1027 1942 1141 2005 domus
1154 1943 1342 2017 Austriecae,

92 2066 158 2129 qnae
192 2041 335 2105 consilio
369 2041 549 2127 opibusque
582 2042 650 2105 sine
682 2042 783 2106 dubio
811 2044 1010 2129 inposterum
1033 2044 1164 2127 juvabit
1190 2043 1341 2119 Poloniae,

93 2141 273 2230 potentiam
306 2142 404 2205 nimis
438 2164 624 2206 excrescere
658 2155 691 2205 et
717 2166 804 2208 oram
833 2144 928 2208 maris
952 2143 1092 2208 Balthici
1116 2166 1282 2230 occupare,
1304 2157 1342 2207 ut

94 2256 181 2307 tento
215 2243 312 2306 nobis
345 2242 421 2306 inde
454 2242 653 2308 incumberet
686 2243 823 2332 gravior.
873 2242 936 2307 Hic
970 2244 1122 2308 stimulus
1155 2244 1219 2308 fuit
1245 2244 1275 2307 S.
1304 2244 1341 2307 R.

95 2346 173 2421 lixti,
207 2358 247 2408 ut
280 2342 411 2407 facilius
444 2367 478 2408 se
505 2343 646 2430 pertrahi
673 2357 852 2430 pateretur3
880 2367 981 2430 esque
1009 2358 1075 2409 stet
1096 2345 1257 2409 sententia
1278 2368 1342 2408 non

94 2446 239 2510 deserere
275 2445 395 2509 amicos
428 2459 462 2508 et
495 2468 623 2509 causum
655 2444 822 2532 religionis
848 2444 1072 2532 libertatisque
1099 2446 1288 2519 communis,
1316 2445 1343 2508 si

94 2538 202 2621 ceteri,
237 2568 379 2631 quorum
412 2544 556 2621 interest,
590 2568 659 2609 sese
688 2547 828 2633 jungere
862 2568 899 2609 sc
927 2547 1017 2631 justa
1040 2547 1157 2611 virium
1181 2546 1343 2631 animique

95 2647 322 2733 magnitudine
354 2658 478 2710 tantam
510 2668 577 2710 rem
609 2646 740 2733 adgredi
768 2646 880 2711 velint.
931 2647 1050 2711 Verum
1074 2647 1101 2711 si
1124 2646 1191 2711 haec
1214 2671 1232 2710 a
1255 2646 1343 2734 Rege

95 2748 205 2812 Daniae
236 2760 389 2829 suscepta
409 2747 540 2822 fuerint,
564 2769 600 2811 ac
622 2770 673 2812 res
696 2746 840 2811 omnium
864 2749 1043 2812 communis
1065 2749 1224 2825 restituta,
1249 2747 1343 2834 quue

94 2849 128 2912 R.
162 2849 263 2912 Mztss
297 2847 367 2912 sine
400 2870 459 2912 suo
492 2871 588 2913 onere
615 2871 650 2912 uc
674 2848 820 2934 periculo
841 2848 906 2912 frui
925 2850 1016 2933 juste
1038 2849 1209 2913 securitate
1232 2848 1342 2935 possit,

95 2950 173 3014 nihil
209 2949 263 3012 rel
297 2948 466 3012 salutarius
500 2949 599 3012 statui
631 2960 740 3013 nostro
766 2948 819 3013 vel
841 2948 964 3035 gratius
987 2948 1017 3012 S.
1042 2949 1078 3013 R.
1104 2948 1175 3012 Mzti
1198 2971 1340 3035 unquam

97 3051 241 3115 accidere
266 3062 384 3136 possct.
429 3048 500 3128 Quo
524 3071 600 3113 vero
623 3048 842 3135 propendeant
864 3050 963 3114 animi
979 3050 1162 3136 principum
1179 3050 1345 3114 Germani·

98 3175 205 3215 corum
240 3173 278 3214 ac
312 3149 459 3235 inprimis
493 3148 625 3213 Domini
658 3150 717 3227 tui,
745 3150 779 3214 in
802 3150 967 3238 Regemne
992 3173 1098 3214 mcum
1122 3173 1161 3214 an
1185 3149 1287 3236 magis
1309 3149 1343 3212 in

99 3251 218 3339 Regem
254 3250 377 3326 Deniae,
408 3273 514 3337 quaeso
536 3264 574 3314 ut
596 3250 676 3313 mihi
698 3250 854 3336 explices,
876 3273 917 3315 ne
940 3251 1077 3315 fortasse
1102 3250 1131 3314 S.
1155 3250 1193 3314 R.
1217 3250 1261 3314 M.
1285 3272 1343 3313 suo

98 3352 248 3416 insistens
272 3352 436 3437 proposito
459 3350 577 3415 frustra
599 3374 733 3438 magnos
756 3352 856 3416 facist
878 3365 1034 3437 sumptus,
1057 3351 1112 3438 qui
1129 3365 1254 3415 mutato
1270 3373 1344 3415 eon·

99 3453 168 3516 silio
190 3474 311 3539 magno
334 3464 443 3516 nostro
466 3474 540 3516 cum
564 3475 660 3516 onere
683 3453 841 3516 incessum
865 3453 992 3516 cadant.

179 3553 303 3633 Quodsi
336 3553 434 3617 etiam
468 3552 618 3617 auderem
653 3567 684 3617 te
712 3575 834 3640 rogere,
859 3569 895 3617 ut
917 3553 997 3616 mihi
1020 3553 1274 3617 communicares
1297 3576 1344 3631 es,

100 3678 165 3741 quae
187 3655 223 3718 in
246 3666 409 3717 conventu
433 3654 616 3741 principum
639 3653 870 3718 Saxonicorum
887 3668 958 3717 acta
973 3652 1103 3731 fuerint,
1124 3669 1159 3718 et
1173 3678 1242 3740 quae
1258 3677 1344 3717 nunc

99 3755 139 3817 sit
170 3777 280 3819 rerum
314 3754 536 3818 communium
563 3754 664 3819 socies
692 3777 728 3818 ac
755 3777 836 3841 spes,
859 3768 1005 3842 putarem
1029 3777 1068 3817 eo
1091 3778 1142 3818 me
1165 3753 1227 3818 tibi
1249 3753 1344 3819 volde

99 3855 292 3920 devinctum.
338 3855 417 3935 Quae
439 3854 492 3919 hic
516 3868 586 3920 acta
608 3868 692 3933 sunt,
716 3870 751 3920 tu
774 3855 889 3919 melius
912 3855 1152 3941 stqueuberius
1169 3878 1345 3942 cognosces

100 3979 139 4021 ex
180 3955 343 4021 adiunctis
385 3956 464 4020 sctis
506 3955 539 4020 in
581 3955 716 4020 lntinum
759 3954 930 4034 tronslstis,
973 3969 1006 4021 et
1042 3969 1113 4020 tum
1149 3954 1345 4041 dijudicabis

99 4082 202 4124 rerum
229 4071 351 4122 statum
380 4056 570 4122 accuratius.
616 4056 709 4122 Vale.
753 4057 917 4122 Dabuntur
938 4056 1127 4144 denekopiae
1150 4056 1202 4121 dic
1225 4059 1245 4120 3
1267 4056 1344 4121 Feb.

100 4164 195 4224 Anno
218 4160 311 4224 1625.

180 4315 381 4380 Bgsnhsudigt
398 4314 520 4377 koncept
537 4314 548 4362 l
564 4313 741 4363 Rtksarklvst
759 4314 821 4363 med
839 4312 968 4377 ptskrttt'
979 4314 1118 4373 ›thztou
1134 4313 1269 4376 jamfbrdt
1282 4312 1345 4362 med

100 4400 230 4451 llkaledes
256 4398 436 4463 egenht'mdlg
459 4399 543 4462 kopta
565 4398 573 4446 i
598 4398 707 4461 Konigl.
732 4398 876 4447 Gehelmes
895 4396 1094 4459 Stastssrehlv,
1112 4397 1214 4458 Berlin,
1232 4397 1345 4448 bvilken

100 4486 166 4535 dock
184 4485 288 4535 saknnr
304 4483 397 4532 forata
414 4483 533 4544 styoket.

179 4603 198 4663 ¹)
216 4604 251 4653 Sc
270 4601 317 4653 sid
340 4604 370 4648 19
389 4604 440 4649 not
459 4596 487 4660 ¹).
