3290 5360
1255 446 1317 512 tta

106 615 142 679 Ia
165 615 248 679 milri
271 613 384 679 eadem
405 612 663 707 communicarit,
681 613 722 678 de
744 614 951 679 comitiorum
975 614 1358 694 Polonicornmdcereto‚

106 739 183 803 quae
206 728 280 780 ante
302 729 392 780 erant
414 738 434 778 a
455 715 614 780 Dronibus
629 715 706 779 vnis
719 716 908 802 perscripta,
924 728 958 780 st
972 715 1060 801 quod
1072 714 1220 780 Electori
1233 738 1251 779 a
1266 716 1356 804 Rege

107 814 256 880 Poloniae
269 815 434 880 indultum
450 828 544 892 esset,
557 828 597 878 ut
612 837 677 879 una
692 837 764 879 curn
782 815 939 880 Ikonibus
959 816 1035 879 vzris
1051 815 1236 880 mediatoris
1251 830 1357 903 partes

106 917 144 981 in
179 938 215 981 se
248 916 435 1002 susciperet.
484 914 618 980 Adiecit
635 928 802 1001 praterea,
825 915 1060 981 commissarios
1082 916 1255 981 Polonioos
1275 917 1356 983 adl

106 1016 282 1082 Februarii
315 1014 420 1104 st[ilo]
451 1038 537 1079 noro
570 1015 707 1080 Toranii
733 1029 959 1094 conventuros,
981 1030 1020 1082 ut
1038 1017 1116 1081 inde
1137 1017 1293 1103 paulatim
1316 1019 1357 1084 ad

106 1130 284 1183 tractatum
307 1117 508 1182 accederent.
544 1116 589 1181 Et
610 1115 824 1182 deliberatum
848 1116 1012 1182 Varsaviae
1024 1117 1064 1183 de
1078 1118 1151 1184 loco
1166 1141 1356 1207 congressus

105 1219 223 1296 fuisse,
263 1218 468 1304 primumque
504 1217 756 1305 Regiomontum
793 1217 997 1296 destinatum,
1033 1241 1147 1283 verum
1183 1222 1280 1286 cartis
1315 1224 1356 1288 de

107 1320 216 1384 causis
238 1331 364 1384 mutata
385 1317 555 1396 sententia,
578 1317 684 1382 visum
705 1317 1003 1383 commodissimum
1025 1330 1083 1398 est,
1106 1333 1145 1384 nt
1165 1321 1256 1385 locus
1270 1322 1357 1389 inter

107 1419 272 1484 Stuminm
300 1432 333 1484 et
358 1417 611 1505 Bisanburgium
632 1418 844 1484 intermedius
866 1421 1052 1507 congressui
1073 1437 1184 1485 nostro
1206 1422 1355 1509 seligere·

105 1535 172 1585 tur.
221 1520 377 1597 Tandem,
410 1519 495 1606 quod
524 1518 607 1583 mihi
631 1519 803 1584 videbatur
823 1541 895 1584 *esse
917 1533 1015 1607 caput
1035 1521 1208 1600 missionis,
1232 1523 1357 1590 addidit

105 1644 174 1685 non
208 1620 428 1685 inconsultum
462 1619 565 1684 videri
591 1619 747 1695 Electori,
773 1633 812 1684 ut
837 1642 925 1685 arma
945 1622 1230 1706 suspenderentur3
1253 1646 1287 1689 ss
1309 1637 1355 1689 ta·

105 1744 184 1786 men
217 1721 301 1786 nihil
331 1721 371 1786 de
397 1742 436 1784 eo
458 1732 599 1784 statuere
620 1743 681 1784 nec
703 1742 798 1808 agore
820 1743 894 1785 cum
916 1721 1048 1787 Polouis
1069 1746 1174 1809 posse,
1196 1724 1258 1789 nisi
1281 1748 1356 1812 cog·

106 1836 231 1900 noscat,
254 1822 332 1908 quid
355 1821 435 1885 mihi
458 1820 557 1885 animi
579 1820 632 1885 ait.

194 1922 302 1987 Prinna
333 1922 403 1987 eius
435 1935 528 1986 erant
554 1921 690 2009 generis,
717 1935 841 1986 utnon
863 1922 1028 1987 videretur
1049 1922 1130 1988 mihi
1151 1947 1281 1990 measse
1304 1927 1356 1991 vel

105 2024 149 2088 iis
184 2022 415 2099 contradicere,
441 2021 494 2086 vel
521 2021 602 2086 certi
624 2021 702 2108 quid
726 2021 831 2087 adhuc
853 2023 893 2088 de
915 2022 956 2087 iis
978 2036 1133 2102 statuera3
1156 2039 1356 2110 postremum

107 2124 181 2204 hoc,
215 2123 302 2210 quod
328 2123 478 2188 ulteriori
502 2121 650 2210 indigeat
671 2123 915 2203 deliberatione,
938 2147 997 2189 nec
1020 2125 1063 2188 sit
1084 2124 1188 2189 ullum
1210 2127 1243 2190 in
1268 2149 1356 2192 mora

106 2226 301 2312 periculum,
322 2223 358 2288 iu
378 2245 535 2310 suspenso
557 2223 689 2309 reliqui;
711 2246 815 2310 neque
838 2225 925 2289 enim
947 2224 1121 2311 quiequam
1141 2224 1246 2290 adhue
1261 2228 1301 2293 de
1317 2252 1355 2293 eo

106 2339 250 2391 statuere
283 2344 424 2411 possum,
451 2323 699 2411 Electoremque
721 2325 849 2412 rogavi,
871 2339 910 2390 ut
931 2325 1132 2391 conditiones
1155 2340 1189 2392 et
1210 2340 1356 2416 tempora

106 2426 406 2513 suspendendorum
442 2447 600 2489 armorum
633 2424 782 2511 aperiret,
816 2448 880 2513 quo
913 2425 1085 2511 dijudicari
1119 2450 1138 2490 a
1163 2450 1214 2492 me
1243 2431 1354 2515 possit,

106 2527 193 2591 sitne
209 2550 251 2591 ex
266 2549 326 2590 usu
342 2539 451 2590 nostro
466 2547 578 2590 necne.
606 2524 678 2590 Hoc
693 2548 847 2613 responso
864 2525 1026 2592 hominem
1041 2526 1161 2591 dimisi
1188 2530 1236 2593 At
1252 2529 1354 2615 pridie

105 2627 206 2692 huius
235 2628 415 2692 redduntur
437 2625 517 2690 mihi
538 2626 641 2691 literar
664 2627 839 2692 abeodem
862 2627 1073 2693 Maresehallo
1095 2628 1262 2703 Borussiae,
1286 2632 1356 2717 qui·

106 2729 169 2792 bus
200 2726 240 2791 ad
267 2750 319 2792 me
342 2727 511 2813 perscribit
532 2726 674 2791 Electori
697 2727 799 2792 videri
822 2750 865 2792 ex
887 2751 932 2807 re,
955 2742 992 2794 ut
1014 2728 1207 2793 sollicitetur
1228 2753 1355 2818 qnoque

106 2828 241 2893 Elector
263 2827 421 2904 Saxoniae,
445 2849 508 2914 quo
532 2840 566 2892 et
586 2827 614 2891 is
636 2849 749 2913 operas
774 2851 849 2893 oum
872 2829 1029 2895 Dtonibus
1052 2830 1165 2894 vestris
1189 2853 1225 2894 ac
1245 2853 1354 2896 secum

103 2930 227 3016 jungat
248 2929 282 2993 in
305 2928 528 3015 pertractando
550 2928 683 3015 negotio
705 2929 802 3014 pacis.

192 3030 266 3117 Ego
286 3052 374 3107 vero,
397 3043 434 3092 ut
456 3027 615 3092 Dzonibus
637 3031 713 3093 vzris
735 3041 870 3105 constet,
893 3042 957 3094 tam
973 3030 1050 3117 quid
1066 3030 1094 3094 is
1108 3031 1273 3117 scripserit
1284 3042 1355 3096 s‘ua·

106 3131 261 3216 seritque,
284 3152 381 3216 quam
404 3129 481 3215 quid
505 3151 566 3215 ego
588 3130 818 3216 responderim,
839 3131 929 3193 volui
948 3131 1036 3195 hisce
1053 3130 1230 3218 adjungere
1247 3156 1355 3198 exem·

107 3231 211 3318 plaria
238 3244 271 3296 et
296 3230 460 3295 literarum
489 3229 558 3295 eius
585 3243 620 3293 et
640 3252 794 3294 mearum.
838 3231 957 3295 Causas
978 3253 1054 3295 uero
1076 3255 1134 3296 cur
1155 3233 1202 3296 ita
1224 3255 1354 3320 respon·

106 3332 221 3409 derim,
255 3344 289 3396 et
322 3331 363 3395 ob
396 3353 475 3417 quas
510 3331 705 3395 mentionem
731 3332 891 3418 Principis
913 3332 1155 3417 Transylvaniae
1176 3334 1353 3411 iniecerim,

106 3432 183 3497 data
209 3432 414 3518 colloquendi
440 3432 595 3496 facultate
618 3431 832 3497 confidentius
855 3446 888 3497 et
910 3455 1016 3497 coram
1040 3434 1191 3518 aperiam.
1236 3435 1354 3499 Praeter

107 3532 176 3597 haec
199 3531 282 3597 nihil
303 3533 452 3610 occurrit,
476 3532 561 3618 quod
585 3533 726 3597 actiones
749 3534 837 3619 pacis
860 3546 980 3619 tangat.

194 3633 317 3720 Accepi
350 3633 461 3697 literas
488 3633 677 3721 Hamburgo
703 3634 794 3698 datas
817 3636 856 3699 15
879 3634 1072 3699 Novembris
1085 3636 1121 3719 ¹),
1144 3636 1262 3722 quibus
1284 3659 1353 3722 per·

107 3734 259 3798 scribitur
280 3734 438 3821 reliquum
462 3734 626 3820 equitatus
650 3735 767 3799 Daniel
790 3759 876 3799 nune
899 3758 1026 3821 quoque
1047 3736 1088 3799 iis
1108 3737 1142 3800 in
1163 3736 1243 3800 locis
1262 3736 1353 3801 dissi·

107 3848 236 3922 patum;
270 3835 435 3899 tribunum
470 3834 674 3920 Morganium
708 3835 811 3899 Stadae
844 3835 993 3913 obsideri,
1019 3858 1123 3923 neque
1151 3837 1352 3903 obsidionem

106 3936 292 4000 diuturnam
315 3936 450 4000 tolerare
474 3955 582 4020 posse3
605 3935 772 4021 Crempam
796 3952 906 4001 tamen
929 3950 962 4001 et
983 3936 1230 4002 Gluckstadium
1246 3937 1352 4002 adhue

106 4037 209 4101 teneri
244 4060 279 4100 ac
314 4060 442 4101 manere
476 4037 509 4099 in
542 4036 605 4099 fide
637 4036 736 4123 Regis
771 4038 892 4113 Daniae,
924 4036 1028 4124 iisque
1062 4039 1266 4104 mediocriter
1295 4062 1352 4125 per

107 4136 292 4224 D[omi]n0s
326 4136 463 4202 Ordines
497 4137 667 4202 Generales
701 4136 929 4203 Confoederati
962 4138 1070 4224 Belgii
1099 4139 1138 4204 de
1166 4139 1352 4204 necessariis

107 4238 202 4302 rebus
230 4236 410 4322 provisum;
438 4251 552 4302 caetera
579 4238 685 4302 omnia
707 4251 821 4324 praeter
846 4238 1176 4303 Wollffenb'rittelium
1199 4256 1231 4302 et
1253 4239 1352 4304 Nien·

107 4337 247 4426 burgum
269 4338 385 4402 victori
408 4339 550 4403 cessisse.

191 4574 211 4635 ¹]
238 4577 420 4627 Resldcntens
447 4579 457 4626 l
483 4577 625 4640 Hamburg
650 4578 758 4627 luders
785 4579 921 4627 Svensson
949 4563 1033 4628 (ideis
1055 4580 1117 4629 bret
1139 4579 1169 4628 al
1188 4579 1214 4627 d.
1235 4579 1351 4628 15N0v.

108 4664 182 4722 1627,
199 4660 416 4712 Oxanstlarnaka
434 4662 593 4724 aamllngen.
