3212 5352
1204 423 1266 488 173

68 604 97 656 et
127 590 255 679 ldsgzca
287 591 361 656 Dzio
387 602 494 656 vestra
519 590 642 655 mederi
664 590 755 668 volit,
778 612 877 677 eaque
900 591 940 655 ad
962 613 1021 655 nos
1043 591 1169 655 referat.
1213 590 1310 656 ldeo·

67 715 125 779 que
154 704 192 756 ut
224 691 324 756 ill-:ris
357 705 391 757 et
417 691 619 779 M[sgnifi]cs
645 690 860 779 D[0minst]io
887 703 994 755 vestra
1014 691 1121 777 ipsum
1144 689 1253 756 audiat
1273 704 1312 756 et

67 793 103 858 dc
134 793 271 871 cunctis,
304 816 375 879 quae
408 794 587 858 conducere
617 791 689 878 paci
712 815 749 857 ac
771 790 998 878 tranquillitati
1021 793 1197 869 existimat,
1219 804 1311 856 recte

66 893 223 971 informet,
257 916 396 981 eumque
422 894 491 959 sine
519 915 608 957 mora
630 892 794 979 expediat,
816 915 978 979 rogamus.
1022 892 1153 958 Etenim
1174 892 1253 957 licet
1275 892 1306 955 S.

66 993 101 1058 it
122 994 215 1059 llztss
236 993 380 1059 nondum
404 993 610 1059 constituerit
632 992 728 1059 armis
751 993 920 1071 abstinere,
937 1014 1010 1079 spes
1025 1006 1134 1059 tamen
1150 1015 1201 1057 me
1216 1004 1311 1058 tenet·

67 1093 229 1180 preveniri
262 1117 357 1181 posse
390 1095 558 1183 sanguinis
584 1093 717 1159 humani
739 1093 942 1172 effusionem,
964 1116 1087 1181 nosque
1109 1093 1150 1158 ad
1173 1106 1311 1181 pacatos

67 1208 214 1260 tractatus
247 1195 352 1260 redire
379 1218 482 1282 posse,
509 1196 536 1260 si
558 1194 652 1259 nobis
674 1193 870 1260 sufficienter
890 1206 1052 1272 coremur,
1075 1209 1109 1260 et
1130 1194 1215 1259 serio
1236 1216 1305 1259 rem

68 1297 114 1382 ogi
144 1295 415 1362 intellexerimus.
468 1295 638 1361 Dsbautur
671 1319 688 1360 e
721 1295 832 1360 castris
864 1296 964 1383 regiis
996 1296 1036 1360 ad
1069 1295 1176 1360 Birsas
1209 1295 1311 1360 diet

68 1396 258 1483 Septembris
281 1401 379 1461 Anno
403 1399 494 1462 1625.

698 1497 836 1562 Axelius
859 1496 1082 1575 Oxenstierns,

498 1603 586 1666 Regni
599 1602 703 1653 Sueoiae
716 1604 915 1663 cancellarius,
928 1602 1020 1653 Judex
1032 1602 1212 1668 provincialis
1224 1603 1310 1653 Nurr-

513 1683 694 1750 land[isrum]
711 1691 740 1736 st
757 1686 917 1752 Lapponiae,
935 1687 1020 1737 Liber
1037 1688 1109 1737 Baro
1127 1689 1156 1737 ln
1175 1687 1289 1749 limito,

535 1772 620 1820 Dzuus
639 1771 674 1820 ds
692 1771 845 1835 Fyholmcn
863 1775 892 1820 et
910 1771 1016 1835 Tydeu,
1034 1772 1125 1834 liques
1143 1776 1265 1821 auratus.

10 1948 11 1951 Ἴ
145 1887 318 1952 Utanslsn'st:
342 1888 513 1940 Serenissimi
532 1890 612 1953 Regis
630 1888 772 1952 Regniqus
792 1888 912 1939 Polonin
930 1893 960 1938 st
977 1886 1070 1952 Magni
1088 1890 1213 1939 Duostus
1231 1889 1308 1938 Lith-

68 1967 171 2036 Μαι]
189 1972 393 2034 Comminatio,
410 1973 519 2023 illustri
536 1976 586 2022 cto.
599 1990 633 2014 =
644 1972 691 2022 rid
708 1972 759 2021 Nzo
778 1975 818 2022 72.

143 2091 224 2141 Eitor
249 2091 456 2155 manuskriptet
481 2090 526 2141 till
554 2092 588 2140 de
615 2090 703 2140 undar
723 2089 773 2140 Nm
795 2093 828 2139 49
846 2091 1013 2141 omnimoda
1033 2094 1124 2139 »Actus
1142 2093 1164 2139 is
1181 2089 1314 2151 Litoris»,

66 2172 193 2234 jsmrordt
221 2174 286 2224 med
314 2175 469 2239 originalct.
513 2174 527 2224 1
553 2174 757 2238 manuskriptet
783 2174 834 2224 har
859 2173 991 2225 kanslsrn
1017 2173 1206 2238 egenhitndigt
1231 2174 1308 2239 giort

67 2259 186 2309 ritteissr
211 2263 285 2308 sumt
307 2258 402 2322 tillagt
418 2258 544 2322 idliande
562 2257 736 2308 oircrskriit:
769 2257 934 2322 »Responsio
953 2257 1119 2307 Cancellsril
1136 2258 1224 2322 Regni
1242 2257 1307 2306 Sue·

68 2340 111 2389 cis
136 2342 171 2391 ad
197 2342 356 2391 Palatinum
384 2342 628 2402 liscislarisnsem,
649 2355 699 2405 per
716 2341 927 2406 subdelegatum
945 2341 1086 2392 doctorem
1105 2342 1225 2392 Salvium
1243 2343 1305 2392 red·

68 2424 142 2475 itm
178 2427 234 2477 Dst
251 2426 293 2476 &s
311 2425 375 2475 brai
393 2427 423 2476 si
440 2426 467 2475 d.
486 2430 501 2475 8
520 2424 595 2488 Sept.
614 2440 640 2475 n.
660 2430 703 2485 st,
721 2425 826 2489 hvarpi
845 2426 924 2475 detta
942 2425 1310 2490 utgorsvar‚irlni1nnda

70 2511 177 2573 ssmllng
192 2510 289 2573 tryckt
306 2513 371 2559 nist
387 2511 449 2560 iore
468 2510 555 2559 detta

71 2913 116 2967 ii.
148 2915 332 2971 Memorial
346 2916 401 2970 fiir
411 2916 442 2971 J.
456 2914 601 2973 salvius.
634 2915 1307 2984 nugatorumrsonu.a‹r)sopt.1sss.

71 3109 113 3161 Orn
135 3113 207 3163 brari
233 3113 293 3163 han
319 3113 409 3162 skuile
432 3113 556 3178 andrags
577 3114 627 3164 hos
645 3112 772 3169 Skumim
794 3113 887 3163 kunde
907 3114 996 3164 donne
1015 3118 1170 3177 garanteru,
1189 3120 1232 3164 att
1248 3116 1307 3164 ior·

142 3197 356 3261 handlingurnm
378 3198 441 3247 mod
458 3197 615 3261 tillborliga
631 3197 794 3247 iullmakter
811 3198 871 3247 irin
891 3199 971 3262 polsk
988 3198 1059 3259 sidu.
1077 3204 1156 3249 snart
1174 3198 1306 3262 begynte,

141 3282 211 3346 fings
228 3280 397 3344 vspsnhsila
415 3280 542 3344 basilias,
560 3280 633 3331 dook
652 3279 678 3343 ej
696 3280 733 3344 pi
750 3280 864 3332 hortare
880 3282 923 3332 tid
942 3286 978 3332 in
995 3283 1042 3332 tili
1061 3287 1072 3330 1
1092 3282 1158 3333 Juni
1178 3286 1250 3332 1626.

343 3410 489 3475 Libellus
511 3409 707 3474 memorialis

258 3512 353 3575 datus
386 3512 555 3577 secretario
581 3512 672 3598 regio
698 3512 773 3576 dzno
801 3511 926 3576 doctori
953 3510 1096 3577 dohanni
1120 3512 1237 3590 Salvio,
1261 3512 1302 3577 ad

260 3611 435 3698 palatinum
479 3609 753 3677 Mscislsviensem
791 3612 901 3676 dmum
939 3612 1126 3678 danussium
1164 3612 1305 3677 Slrumin

257 3712 445 3777 Tischiwitz
468 3725 530 3777 etc.
554 3711 712 3799 ablegato.

142 3812 248 3878 Primo
271 3812 401 3877 nomine
425 3812 492 3876 dmi
515 3812 709 3877 Cancellsrii
731 3812 886 3878 salutabit
908 3815 1018 3879 dmum
1042 3814 1234 3879 Palatinum.

141 3914 267 3978 Deinde
301 3913 498 4001 significabit
523 3936 557 3978 se
584 3914 729 3992 missum,
752 3927 790 3978 ut
811 3913 851 3979 ds
873 3915 1033 3981 contentis
1054 3916 1220 3980 literarum
1243 3915 1304 3979 Pa·

69 4009 159 4090 latini,
191 4037 263 4100 quae
292 4013 408 4078 ultimo
434 4015 538 4079 missae
562 4028 647 4091 sunt,
670 4038 744 4079 cum
766 4015 838 4101 ipso
861 4028 946 4103 agat,
969 4027 1002 4079 et
1024 4030 1164 4080 mentem
1186 4017 1303 4102 ipsius,

70 4128 155 4195 prout
174 4137 245 4179 eam
267 4114 477 4191 intellexerit,
500 4114 628 4179 referat.

142 4215 268 4281 Salvius
301 4239 377 4281 vero
411 4215 586 4281 declarabit
613 4216 731 4295 literas,
756 4238 835 4302 quas
858 4239 965 4280 secum
988 4217 1061 4295 fert,
1086 4230 1181 4303 atque
1204 4216 1303 4282 initio

72 4317 203 4382 ostendet
230 4317 260 4381 S.
289 4317 327 4381 R.
356 4316 479 4395 M2tem‚
501 4318 610 4382 dznum
633 4331 788 4393 nostrum,
812 4316 850 4380 ad
874 4340 961 4381 arma
981 4317 1139 4403 capienda
1160 4319 1301 4383 necessi·

71 4423 124 4479 tate
145 4430 301 4494 coactum,
324 4416 412 4502 quod
434 4417 518 4481 nihil
541 4417 623 4481 serio
646 4430 797 4505 ageretur
818 4441 860 4482 ex
882 4430 974 4504 parto
997 4417 1191 4482 Polonorum
1214 4420 1300 4484 circu

71 4518 225 4603 negocium
249 4518 348 4604 pacis,
371 4530 440 4581 tum
462 4518 547 4604 quod
563 4540 627 4604 prae
643 4519 742 4582 nimio
758 4531 945 4605 contemptu
961 4519 1068 4604 gentis
1084 4518 1193 4584 Suecae
1207 4520 1301 4606 quid·

69 4615 110 4680 ris
129 4618 187 4683 sibi
210 4619 310 4684 licere
332 4630 494 4705 putarent,
516 4617 655 4704 denique
672 4619 756 4705 quod
773 4619 970 4685 atrocissime
986 4632 1019 4685 ct
1033 4619 1302 4686 inhumanissime
