3314 5362
1237 446 1298 512 133

99 615 215 679 artibus
245 615 438 679 coniiciatur
464 615 646 680 discrimen.
694 614 757 678 llla
777 615 805 678 si
827 626 953 679 servata
973 614 1081 692 fuerit,
1105 637 1141 678 sc
1165 614 1261 679 nimis
1284 637 1341 678 ex·

99 737 239 780 crescens
273 716 420 802 potentis
453 715 650 802 Ligistarurn
683 728 791 779 retusa
823 716 892 779 sine
922 715 1067 802 periculo
1095 737 1131 779 ac
1158 715 1339 802 sumptibus

101 816 219 894 nostris,
254 816 466 904 gaudebimus
494 837 570 881 sane
592 827 626 881 et
647 815 783 880 consilia
802 815 915 880 isthaec
938 817 1072 880 summis
1094 816 1246 881 laudibus
1269 838 1341 903 pro·

99 938 274 1003 aequemur⁴
330 917 434 981 Nobis
466 939 543 982 vero
576 916 625 980 hae
658 917 853 982 mutationes
884 931 918 981 et
943 917 978 979 in
1004 916 1173 980 statuendo
1196 939 1285 981 mora
1306 916 1339 980 id

101 1018 230 1082 attulere
263 1017 472 1095 incommodi,
501 1030 538 1081 ut
565 1040 607 1082 ex
630 1017 864 1104 tranquillitate
886 1017 921 1081 in
943 1029 1055 1080 aestum
1079 1017 1164 1082 hunc
1187 1017 1341 1082 bellicum

99 1119 232 1183 coniecti
255 1119 366 1181 simus.

177 1219 281 1282 Erant
313 1219 407 1283 nobis
433 1218 572 1281 induciae
599 1241 673 1282 cum
696 1217 819 1281 Polono
841 1215 893 1281 his
915 1217 1159 1283 condicionibus
1181 1218 1281 1295 initae,
1304 1232 1342 1282 ut

101 1319 155 1383 nisi
189 1320 342 1384 alterutra
376 1342 449 1406 pars
482 1318 522 1382 iis
555 1319 761 1383 renunciaret
796 1317 879 1382 binis
914 1319 1078 1383 mensibus
1105 1330 1178 1383 aute
1206 1322 1222 1383 l
1246 1317 1341 1382 iunii

101 1419 190 1485 huius
218 1421 306 1496 anni,
329 1432 536 1485 censerentur
558 1432 736 1507 prorogatae
757 1418 792 1482 in
817 1421 833 1481 1
857 1418 951 1484 dunii
974 1416 1086 1505 au[no]
1109 1419 1199 1483 1626.
1244 1418 1341 1483 Haud

101 1521 224 1606 quidem
260 1534 353 1586 erant
380 1520 444 1583 illae
471 1544 514 1584 ex
540 1519 700 1606 dignitate
723 1518 753 1583 S.
777 1519 814 1583 R.
838 1517 926 1583 Mztis
948 1532 981 1585 et
1002 1520 1109 1607 regui3
1132 1542 1244 1585 verum
1267 1542 1341 1584 curn

103 1642 255 1685 armorum
289 1621 433 1708 quietem
463 1620 685 1686 tantummodo
714 1632 904 1695 statuerent,
931 1633 970 1683 ut
990 1620 1120 1685 interim
1144 1621 1185 1686 de
1207 1643 1286 1707 pace
1309 1634 1342 1685 et

102 1722 238 1786 amicitia
271 1735 423 1809 ageretur
455 1721 574 1796 stabili,
602 1720 762 1786 habebant
788 1720 821 1784 id
844 1720 878 1783 iu
901 1743 935 1785 se
958 1722 1129 1800 commodi,
1152 1734 1190 1787 ut
1210 1721 1341 1787 interim

102 1843 148 1884 res
177 1836 303 1885 nostras
336 1836 369 1886 et
403 1821 487 1886 vires
520 1822 647 1887 firmare
675 1844 712 1886 ac
734 1820 935 1885 consolidare
958 1821 1081 1886 liceret.
1126 1825 1173 1885 At
1194 1822 1341 1887 videntes

105 1920 252 1985 Polonum
286 1922 373 1986 bello
407 1924 476 1987 sine
510 1922 609 1987 dubio
642 1935 751 1986 nostro
785 1945 818 1986 sc
845 1922 1080 1997 immixturum,
1107 1923 1135 1987 si
1157 1923 1229 1988 Rex
1252 1946 1341 1987 meus

102 2045 221 2087 causam
255 2045 459 2089 communem
492 2023 659 2088 tutandam
692 2022 897 2109 suscepisset,
930 2035 1001 2086 tum
1034 2024 1119 2109 quod
1152 2024 1216 2088 iter
1248 2024 1341 2087 nobis

102 2122 202 2186 forsan
236 2147 294 2211 per
330 2124 499 2188 Poloniam
532 2123 726 2210 capiendum
759 2124 884 2199 fuisset,
916 2123 1063 2209 inprimis
1086 2122 1113 2186 si
1135 2124 1207 2189 Rex
1228 2124 1341 2188 Danire

103 2223 190 2286 simul
223 2224 341 2289 itinere
375 2225 414 2290 ad
448 2224 616 2310 Visurgim
644 2236 794 2309 suscepto
820 2225 993 2309 negocium
1019 2223 1081 2288 hoc
1103 2224 1340 2309 adgrederetur,

102 2324 275 2388 consultius
307 2323 414 2389 visum
448 2339 496 2389 est
528 2323 717 2390 renunciare
750 2324 785 2388 in
818 2336 962 2410 tempore
989 2323 1140 2402 induciis,
1162 2347 1203 2388 ne
1225 2325 1265 2389 iis
1289 2327 1341 2390 ad·

103 2424 199 2487 stricti
221 2424 276 2489 vel
298 2425 406 2490 datam
429 2425 525 2491 fidem
548 2425 669 2490 violare
692 2425 746 2489 vel
769 2424 905 2488 consilia
926 2426 1094 2489 commoda
1116 2438 1149 2490 et
1171 2425 1267 2490 utilia
1288 2427 1342 2491 de·

103 2546 200 2589 serere
222 2548 423 2612 cogeremur,
446 2526 586 2590 maxime
609 2548 684 2591 cum
707 2525 865 2590 Polonum
885 2538 1003 2590 cuncta
1023 2524 1278 2612 intelligeremus
1301 2529 1341 2592 cd

105 2627 248 2712 temporis
271 2627 397 2690 lucrum
420 2626 576 2692 conferre.
617 2627 891 2692 Renunciavimus
907 2626 1010 2714 igitur
1023 2626 1163 2690 induciis
1180 2628 1342 2714 praeterita

104 2724 221 2810 hyeme,
255 2749 358 2814 eoque
392 2750 478 2791 nunc
512 2727 710 2803 devenimus,
744 2741 790 2797 ut,
824 2740 993 2813 postquam
1017 2749 1090 2814 epea
1113 2727 1143 2791 S.
1167 2728 1204 2791 R.
1231 2729 1341 2794 Mztem

105 2825 158 2889 hoc
188 2851 272 2892 anno
305 2814 365 2915 pro
398 2849 495 2892 causa
524 2827 687 2892 communi
714 2827 882 2914 pugnandi
904 2828 1035 2895 defecit.
1057 2829 1090 2891 in
1112 2827 1170 2892 hos
1192 2828 1342 2893 incideri-

106 2947 168 2989 mus
188 2928 400 3013 labyrinthos,
426 2940 462 2992 ut
484 2952 543 2993 nec
566 2929 629 2992 frui
652 2928 887 3015 tranquillitate
911 2928 1010 3015 priori
1032 2951 1105 2992 cum
1128 2927 1259 3005 honore,
1282 2953 1341 2994 nec

105 3026 140 3088 ad
170 3030 304 3093 usitatas
332 3027 489 3105 inducias,
516 3028 580 3093 uisi
602 3029 686 3093 datis
709 3028 895 3093 melioribus
917 3028 1174 3107 condicionibus,
1197 3030 1265 3094 siue
1288 3028 1342 3095 de·

105 3125 210 3192 decoro
232 3129 335 3194 relabi
359 3130 527 3216 possimus,
552 3152 588 3194 ac
610 3130 767 3193 incertum
791 3130 842 3206 sit,
865 3152 904 3193 an
928 3128 1066 3194 obtineri
1089 3143 1219 3216 queant.

179 3230 306 3294 Bellum
340 3231 443 3318 igitur
475 3230 650 3317 gerendum
684 3229 747 3294 fuit
781 3231 1005 3306 necessarium,
1040 3245 1073 3294 et
1106 3230 1136 3293 S.
1171 3231 1207 3295 R.
1236 3231 1342 3307 Mztes,

105 3330 237 3394 consiliis
260 3354 318 3418 pro
340 3354 374 3394 re
396 3331 559 3396 communi
582 3355 647 3395 nou
670 3331 796 3395 reiectis
819 3343 875 3394 aut
897 3330 1083 3418 desperatis,
1107 3330 1163 3395 sed
1179 3333 1342 3418 suspensis

108 3432 184 3494 etin
205 3432 425 3496 commodiora
447 3447 593 3519 tempora
615 3432 789 3508 translatis,
813 3455 853 3494 ne
876 3430 952 3516 quid
977 3430 1096 3517 periret
1112 3431 1246 3518 pretiosi
1263 3446 1342 3497 tem-

107 3531 192 3614 poris,
215 3533 280 3596 huc
302 3532 336 3596 iu
359 3532 529 3597 Livouiam
552 3556 624 3601 curu
649 3533 795 3597 exercitu
819 3532 956 3596 traiecit.
996 3532 1057 3595 Die
1081 3533 1121 3597 28
1136 3532 1230 3596 ‹lunii
1246 3533 1343 3598 solvit

107 3651 123 3692 e
141 3646 241 3717 portu,
265 3647 300 3699 et
321 3647 391 3698 tota
413 3657 487 3697 curn
510 3633 611 3698 classe
636 3648 731 3720 utque
749 3632 894 3697 exercitu
913 3632 1039 3719 adpulit
1056 3632 1089 3697 in
1106 3634 1224 3697 ostium
1243 3636 1343 3698 Dunae

107 3730 142 3794 30
171 3734 326 3797 eiusdem.
382 3734 487 3798 Multa
513 3734 630 3798 Poloni
658 3749 733 3798 ante
759 3748 793 3797 et
814 3748 883 3796 tum
906 3733 946 3798 de
969 3735 1110 3799 adventu
1134 3735 1344 3799 commisseri-

108 3852 187 3897 orum
209 3858 352 3912 suorum,
375 3837 431 3922 qui
454 3835 494 3899 de
518 3858 595 3921 pace
618 3848 760 3917 agerent,
783 3834 992 3920 scripserant3
1016 3834 1123 3898 nullus
1147 3849 1252 3899 temen
1272 3835 1342 3899 ade·

109 3946 150 3996 rat
174 3949 289 4020 prater
315 3935 477 4021 quendam
501 3935 701 4000 Gothardurn
726 3959 744 3998 a
766 3934 999 4012 Tisenhauseu,
1021 3935 1231 3999 castellanum
1256 3935 1343 3999 Ven-

110 4030 237 4112 densem,
261 4048 296 4100 et
314 4036 471 4122 Magnum
491 4036 665 4100 Ernestum
683 4059 700 4099 a
715 4035 857 4112 anhos,
879 4035 1083 4121 capitaneum
1099 4037 1341 4122 Derpatensem,

109 4134 155 4216 qni
168 4137 290 4223 aliquot
312 4149 385 4201 aute
407 4136 532 4215 diebus,
555 4137 665 4201 audito
688 4137 851 4201 exercitus
866 4137 970 4200 nostri
987 4137 1138 4214 adventu,
1155 4136 1344 4200 advolarunt

110 4234 221 4315 privato
254 4251 355 4315 motu,
383 4251 420 4300 ut
445 4259 651 4325 progressum
677 4253 822 4301 nostrum
845 4238 996 4300 sisterent
1019 4260 1055 4299 ac
1079 4259 1167 4301 ruore
1190 4236 1286 4301 solito
1308 4237 1342 4301 iu

110 4344 240 4422 tempora
272 4338 336 4402 sibi
369 4339 586 4402 commodiora
618 4338 795 4402 differrent.
840 4337 877 4400 ld
904 4337 959 4401 ubi
982 4337 1152 4423 displicere
1174 4337 1343 4402 intellexe-

110 4449 183 4511 runt,
204 4438 409 4503 commutatis
433 4461 558 4502 mecum
582 4438 775 4524 quibusdam
799 4438 913 4515 literis,
936 4451 974 4501 ut
995 4460 1037 4501 ex
1059 4436 1220 4502 adiunctis
1235 4462 1343 4503 exem-

111 4532 397 4637 Qdebis,
420 4539 637 4604 discesserunt
649 4541 684 4622 ¹).
729 4539 863 4603 interim
882 4539 912 4602 S.
929 4538 966 4602 R.
984 4539 1090 4615 Metas,
1106 4561 1180 4603 cum
1196 4539 1343 4604 exercitu

186 4656 204 4719 ¹)
221 4661 254 4711 Se
271 4662 359 4712 otran
376 4660 427 4711 Nzo
445 4664 487 4722 tt,
505 4665 546 4721 te,
565 4664 597 4711 ts
615 4661 667 4712 och
686 4666 717 4712 te
735 4661 799 4711 med
818 4665 906 4710 noter.
