3314 5362
1234 389 1293 451 129

98 552 134 618 sd
150 554 257 637 justas
279 552 483 619 condiciones
506 554 596 639 pacis
619 544 830 641 redigeremus,
853 565 955 640 utque
978 553 1155 639 paratiores
1176 553 1210 621 in
1233 566 1338 640 poste·

98 677 163 718 rum
193 653 305 730 simus,
332 654 359 718 si
381 654 435 718 rel
457 655 632 719 amicorum
656 653 791 718 affectus
813 653 867 718 vel
889 677 1014 719 summa
1036 654 1066 719 S.
1090 655 1127 719 R.
1151 655 1262 719 Mztem
1285 678 1338 719 ne·

99 754 224 819 cessitas
252 756 418 821 vocaverit
444 753 484 819 sd
511 755 760 821 succurrendum
788 754 1008 819 laborantibus
1030 754 1337 843 desperantibusque

99 856 204 920 amicis
216 857 253 939 ¹).
303 856 422 920 Dicent
446 855 552 920 invidi
574 855 685 932 nostri,
708 854 786 942 quid
808 855 925 935 relint3
948 856 1201 941 interpretentur
1222 869 1338 920 cuncta

98 957 127 1020 in
157 957 321 1021 sinistram
348 969 487 1043 pertem3
514 969 643 1041 tempus
669 957 787 1043 ipsum,
811 969 911 1020 mater
932 956 1087 1033 veritatis,
1110 979 1174 1020 non
1197 957 1338 1021 occulta·

99 1057 141 1121 bit
171 1072 207 1122 et
239 1078 352 1121 sensus
384 1056 484 1144 Regis
516 1058 581 1123 mei
609 1057 810 1134 stelionum,
834 1058 888 1122 sed
911 1057 1091 1146 denudatos
1114 1057 1185 1121 orbi
1207 1057 1339 1143 deteget

98 1158 265 1227 aniverso..

176 1257 247 1321 Hoc
270 1280 348 1322 vero
368 1281 433 1323 non
456 1259 551 1347 piget
572 1281 623 1322 me
647 1257 795 1332 adiicere,
817 1255 905 1343 quod
927 1256 1043 1343 scripsi
1059 1257 1196 1325 antehac
1211 1260 1337 1347 saepius,

97 1381 256 1444 nunquam
280 1357 440 1444 placuisse
463 1358 547 1446 Regi
569 1381 642 1422 meo
660 1358 695 1422 in
715 1359 798 1423 tanti
814 1358 971 1423 momenti
986 1359 1123 1445 negocio
1138 1373 1172 1423 et
1187 1359 1338 1425 adversus

97 1471 196 1523 untes
218 1459 382 1545 principes
403 1472 553 1546 suscepta
573 1458 718 1536 consilia,
740 1457 802 1523 nisi
819 1471 942 1524 matura
957 1471 990 1523 et
1005 1458 1105 1523 firmis
1119 1460 1338 1525 fundamentis

96 1560 178 1623 nixa.
235 1558 344 1623 Primo
376 1559 461 1625 enirn
496 1558 579 1623 nihil
608 1559 715 1624 voluit
737 1560 931 1647 praetendere
954 1559 1052 1637 aliud,
1076 1583 1172 1646 quarn
1194 1562 1228 1625 id
1251 1563 1336 1647 quod

97 1674 175 1725 esset
209 1676 349 1737 acturus,
383 1660 658 1725 conservationem
684 1660 839 1726 videlicet
865 1673 898 1725 et
925 1661 1163 1726 restitutionem
1185 1662 1231 1727 rei
1254 1684 1338 1725 com·

97 1762 197 1825 munis
232 1761 447 1848 Evangelicae,
476 1761 652 1827 amicorum
678 1773 711 1825 et
733 1760 888 1825 libertatis
911 1761 1063 1847 publicae3
1086 1775 1155 1825 tum
1179 1763 1337 1827 saevires

95 1862 231 1926 conferri
264 1861 379 1939 voluit,
407 1875 444 1926 ιιι
470 1884 544 1927 curn
570 1884 627 1948 spe
650 1861 789 1948 quadam
811 1860 982 1947 negocium
1003 1861 1036 1926 id
1061 1863 1194 1948 adgredi
1216 1863 1337 1940 liceret,

97 1986 142 2037 ne,
175 1962 347 2027 concitatis
379 1963 413 2027 in
440 1986 473 2027 se
496 1962 596 2027 tantis
620 1961 776 2038 hostibus,
799 1962 973 2026 destitutus
996 1962 1127 2027 tandem
1149 1963 1281 2039 viribus,
1305 1977 1338 2028 et

95 2086 221 2128 causam
254 2063 356 2150 ipsam
389 2064 534 2128 deserere
560 2064 699 2148 turpiter
721 2075 754 2128 et
776 2064 897 2127 amicos
920 2061 1067 2127 hostibus
1088 2064 1181 2148 quasi
1204 2063 1337 2150 prodere

95 2162 130 2228 sd
164 2177 356 2250 perpetuam
388 2164 554 2228 infamiam
586 2164 725 2228 nominis
759 2163 819 2242 sui,
852 2186 910 2249 pro
937 2186 1000 2249 quo
1023 2176 1072 2227 tot
1095 2161 1249 2228 hactenus
1272 2188 1337 2228 mo-

94 2264 199 2329 lestias
233 2287 393 2350 oneraque
420 2267 584 2342 sustinuit,
611 2277 788 2352 cogeretur.
834 2264 920 2328 Aliis
942 2264 1085 2328 consiliis
1108 2264 1253 2350 quisquis
1277 2264 1338 2330 hoc

95 2368 265 2451 negocium
299 2364 467 2452 adgressus
500 2365 609 2442 fuerit,
643 2364 788 2451 pericula
817 2387 874 2428 sua
896 2388 960 2429 non
984 2363 1130 2452 effugiet,
1153 2378 1187 2430 et
1208 2367 1336 2444 amicos,

93 2490 164 2531 curn
197 2467 287 2552 ipsos
310 2466 418 2551 juvari
446 2466 586 2531 maxime
613 2489 693 2552 opus
715 2466 785 2541 erit,
807 2464 972 2542 destituet,
992 2466 1216 2553 jacturamque
1236 2467 1339 2531 faciet

93 2582 124 2631 et
155 2569 251 2633 samse
286 2588 320 2631 et
352 2586 581 2654 expensarum3
614 2567 654 2631 de
687 2566 813 2652 quibus,
841 2567 867 2629 si
895 2567 963 2630 vita
985 2579 1146 2653 suppetet,
1170 2590 1253 2631 anno
1275 2565 1337 2632 hoc

92 2683 206 2733 exacto
230 2668 387 2745 uberiora,
411 2667 460 2732 uti
483 2669 588 2743 eredo,
611 2668 761 2754 scripturi
785 2689 906 2730 sumus.

173 2769 359 2855 Ablegetus
391 2769 425 2832 in
459 2767 615 2854 Angliam
648 2781 682 2832 et
714 2767 866 2855 Belgium
896 2783 946 2832 est
966 2767 1066 2832 frater
1088 2790 1188 2844 meus,
1211 2782 1247 2832 ut
1268 2768 1337 2833 illic

94 2870 172 2957 Regi
208 2870 248 2935 de
275 2882 380 2934 morte
408 2869 549 2955 parentis
571 2868 757 2933 condoleret
778 2883 812 2933 et
834 2882 984 2955 suscepto
1005 2868 1142 2954 irnperio
1165 2867 1338 2954 gratulare·

92 2988 150 3047 tur,
175 2971 229 3035 hic
253 2991 329 3034 vero
351 2971 437 3035 inter
459 2970 609 3033 alienon
630 2969 719 3033 missi
741 2970 774 3033 in
798 2970 949 3057 Belgium
972 2969 1107 3033 subsidii
1124 2968 1154 3032 S.
1169 2970 1208 3033 R.
1226 2970 1337 3035 litem

91 3071 193 3137 ferme
227 3095 270 3135 ex
303 3070 363 3135 hoc
397 3084 587 3157 argumento
613 3084 791 3147 excusaret,
814 3084 885 3134 tum
908 3085 945 3135 ut
967 3069 1049 3158 Regi
1070 3082 1128 3134 tuo
1151 3082 1184 3134 et
1206 3070 1337 3158 Regina

90 3174 231 3237 rationes
265 3171 295 3235 S.
329 3172 367 3235 R.
402 3170 490 3235 Mais
516 3172 777 3235 communicaret.
822 3171 896 3234 Non
918 3170 1043 3246 dubito,
1065 3169 1144 3257 quin
1165 3185 1275 3235 tecum
1296 3172 1336 3235 de

91 3274 243 3338 omnibus
270 3273 313 3336 sit
340 3273 441 3336 amice
468 3286 503 3336 et
524 3271 724 3336 confidenter
746 3272 1048 3348 communicaturus,
1072 3271 1182 3334 cuitu
1206 3283 1286 3347 tuto,
1309 3271 1337 3335 si

89 3375 167 3460 qnid
192 3373 242 3437 vis
265 3385 295 3436 et
320 3396 338 3437 e
360 3396 394 3437 re
417 3395 486 3436 esse
508 3386 614 3458 putas,
636 3374 828 3436 concredere
851 3371 1020 3458 poterisl).

176 3474 248 3538 Hoc
283 3495 358 3538 vero
391 3474 577 3537 adseverare
611 3494 750 3558 possum,
776 3486 810 3536 et
836 3487 872 3536 tu
898 3471 982 3557 Regi
1004 3483 1061 3535 tuo
1085 3473 1249 3557 persuade.
1272 3495 1335 3536 non

88 3575 225 3640 reiectas
251 3596 320 3638 esse
343 3597 362 3637 a
384 3573 413 3637 S.
437 3573 475 3638 R.
498 3573 576 3637 Mzte
599 3574 674 3637 d:no
697 3596 768 3637 meo
790 3573 1004 3659 cogitationes
1026 3571 1224 3658 consiliaque
1246 3574 1336 3637 resti·

88 3677 220 3741 tuendae
242 3676 289 3739 rei
312 3674 501 3749 communis,
524 3673 580 3738 sed
603 3673 759 3759 sepositas
782 3675 820 3738 ad
844 3693 980 3759 tempus,
1003 3673 1080 3737 dum
1097 3674 1336 3758 exspirantibus

87 3775 178 3842 hisce
215 3775 366 3862 procellis
399 3775 548 3839 meliores
578 3799 611 3841 se
638 3774 777 3839 offerant
798 3775 845 3837 rei
868 3774 1014 3861 gerenda
1036 3774 1229 3838 occasiones.
1272 3774 1336 3839 Eas

86 3880 110 3942 si
134 3878 168 3942 S⁴
195 3878 234 3941 R.
259 3876 354 3940 blztas
375 3888 469 3939 nacta
490 3876 600 3952 fuerit,
623 3890 703 3962 puta
725 3898 757 3939 re
779 3876 851 3960 ipsa
871 3898 907 3938 ac
929 3875 1016 3939 facto
1038 3876 1335 3951 demonstraturam,

172 4013 195 4075 ¹)
221 4016 279 4065 Har
297 4017 386 4065 slntar
403 4014 507 4077 sialtva
524 4015 634 4065 brefvet
652 4017 661 4064 i
680 4014 827 4073 Mllncben,
845 4016 855 4063 l
873 4015 921 4063 det
938 4018 981 4063 att
997 4013 1122 4076 toljande
1141 4012 1208 4062 bled
1227 4014 1335 4063 saknas.

86 4100 291 4162 Postscrlptnm
310 4099 398 4149 danes
416 4099 468 4149 der
485 4098 564 4149 doch.

170 4180 196 4242 ἰ
222 4183 334 4233 Gabriel
361 4184 540 4235 emerserunt
566 4181 688 4232 krsditlv
711 4182 756 4231 tor
778 4183 870 4232 denna
890 4181 1073 4246 beskickning
1090 4182 1120 4230 af
1137 4181 1162 4229 d.
1182 4179 1252 4240 ml)
1269 4181 1336 4231 eunt

86 4274 149 4319 1625
181 4282 215 4317 se
241 4268 317 4318 arete
343 4267 402 4316 Lat.
429 4268 512 4330 tyska
534 4269 641 4331 registr.
665 4267 716 4316 sid.
741 4270 801 4325 1663
823 4280 858 4315 sn
875 4267 1056 4315 information
1073 4265 1191 4314 rbrsnde
1210 4265 1336 4315 beskick·

83 4357 189 4418 ningen
211 4353 255 4402 till
274 4351 401 4414 Englend
420 4351 448 4400 al
466 4351 492 4399 d.
512 4349 580 4413 anu)
598 4348 663 4400 Juni
682 4351 734 4399 och
752 4364 787 4400 en
800 4350 967 4399 instruktlou
981 4349 1066 4412 inmte
1079 4349 1278 4398 bilustruktion
1291 4350 1337 4399 ldr

84 4438 235 4488 beskickn.
260 4435 306 4485 till
324 4434 561 4494 Nederlfmderna,
580 4434 654 4483 bada
672 4434 702 4483 ai
721 4434 746 4482 d.
766 4437 797 4482 28
816 4433 890 4491 duni,
909 4447 937 4483 se
957 4433 1100 4483 dhrstades
1119 4447 1189 4496 resp.
1209 4433 1259 4483 sld.
1281 4436 1336 4493 tet,

86 4525 131 4572 192
155 4521 217 4572 och
240 4522 303 4575 2093
331 4517 464 4580 dedente
487 4520 574 4567 finnes
592 4519 676 4567 alvan
694 4532 727 4566 en
746 4516 916 4567 lustruktion
934 4518 1052 4566 rorando
1071 4516 1145 4564 bada
1161 4516 1336 4566 besklcknln·

83 4620 170 4668 gerne
193 4605 225 4652 al
242 4604 269 4652 d.
289 4605 322 4651 25
339 4601 404 4651 Junl
424 4603 433 4649 1
451 4602 493 4651 ὃν.
513 4603 630 4665 registr,
647 4602 695 4652 lol.
715 4604 771 4651 308.

169 4705 237 4754 aaut
256 4704 418 4753 Occurres-sc
436 4705 458 4751 1.-
474 4707 497 4750 3.
1252 4695 1268 4749 9
