3314 5362
352 631 546 720 negociiqua
569 631 786 718 magnitudini
807 631 1053 718 respondentem
1077 631 1225 696 amicitiae
1248 644 1419 696 tractatum
1443 644 1478 695 et
1492 631 1601 715 justas

353 754 521 819 aequasque
544 733 750 797 condiciones
773 732 953 798 admittere.

438 833 561 897 Horum
594 832 754 897 obstinata
787 845 819 897 et
851 834 994 920 utrisque
1028 847 1171 898 nostrum
1205 833 1305 897 noxia
1337 833 1494 920 iniquitas
1516 831 1603 897 banc

353 933 582 1020 capiendorum
618 955 778 997 armorum
812 935 1037 998 necessitatem
1065 933 1096 996 S.
1123 934 1160 997 R.
1184 934 1255 998 Mei
1278 935 1442 1020 imposuit,
1465 947 1503 998 nt
1525 957 1602 998 oum

349 1036 445 1118 justae
476 1033 564 1121 pacis
591 1035 707 1098 studiis
730 1057 794 1097 non
817 1047 901 1098 esset
922 1034 1023 1111 locus,
1046 1034 1218 1098 tuitionem
1242 1035 1292 1098 sui
1315 1057 1513 1121 suorumque
1537 1034 1603 1121 piis

353 1136 448 1199 armis
472 1147 621 1199 tentaret.
661 1135 736 1198 Haec
753 1157 830 1199 vero
845 1135 1029 1213 necessitas,
1045 1134 1072 1198 si
1088 1147 1204 1199 cuncta
1214 1136 1311 1219 justae
1326 1136 1460 1200 rationis
1476 1137 1604 1199 trutina

353 1237 583 1322 ponderentur,
606 1235 815 1311 inevitabilis,
839 1236 997 1321 persuasit
1019 1248 1052 1299 et
1073 1234 1212 1322 impulit,
1235 1249 1272 1300 ut
1294 1237 1461 1300 avertendi
1477 1235 1605 1323 [cansa]

354 1337 483 1424 longius
506 1360 524 1400 a
545 1336 707 1399 limitibus
728 1336 846 1400 nostris
868 1336 945 1400 belli
969 1337 998 1400 S.
1022 1337 1060 1400 R.
1082 1336 1177 1400 Mass
1193 1335 1402 1402 Lithuaniam
1418 1360 1494 1401 curn
1510 1360 1604 1402 exer-

353 1438 420 1501 citu
443 1437 587 1523 ingressa
609 1437 660 1501 sit.
705 1437 741 1500 Id
766 1451 872 1502 tamen
897 1437 1032 1501 Ordines
1054 1437 1165 1524 Magni
1181 1437 1325 1502 Ducatus
1340 1437 1528 1502 Lithuaniae
1543 1462 1604 1525 pro

353 1550 441 1603 certo
465 1550 618 1614 statuant,
642 1537 803 1622 parcitum
826 1560 894 1603 esse
917 1537 1110 1615 Lithuaniae,
1134 1562 1193 1603 nec
1215 1551 1341 1603 tantum
1356 1539 1487 1603 illatum
1503 1538 1604 1603 detri-

354 1639 465 1717 menti,
496 1652 652 1724 quantum
680 1639 791 1701 inferri
814 1639 981 1724 potuisset,
1004 1662 1066 1703 nee
1090 1638 1169 1702 adeo
1193 1639 1350 1716 sevirum,
1373 1639 1466 1703 utin
1489 1637 1604 1703 hostes

354 1740 445 1815 solet,
479 1739 564 1825 quod
598 1738 709 1802 habita
741 1738 823 1803 ratio
851 1739 893 1803 sit
918 1739 1085 1804 vestraein
1110 1762 1221 1828 pacem
1245 1741 1481 1828 propensionis,
1505 1763 1605 1826 quam

353 1840 490 1905 Ordines
518 1839 629 1923 Magni
657 1840 800 1903 Ducatus
823 1838 1005 1904 Lithuaniae
1027 1864 1155 1927 semper
1176 1841 1238 1904 visi
1261 1856 1336 1905 sunt
1359 1863 1425 1925 prae
1448 1864 1482 1904 se
1505 1842 1603 1917 ferre,

353 1956 387 2006 et
414 1941 499 2027 quod
524 1940 554 2004 S.
578 1940 614 2004 R.
639 1940 733 2003 Mztas
756 1963 885 2004 movere
908 1965 962 2005 eos
985 1941 1104 2026 potius,
1128 1964 1222 2028 quarn
1247 1941 1423 2005 absterrere
1447 1940 1603 2016 voluerit,

352 2044 479 2107 facture
522 2040 734 2105 nihilominus
775 2041 983 2127 inposterum,
1026 2064 1096 2128 quae
1139 2041 1275 2106 suaserit
1315 2043 1513 2107 defendendi
1553 2043 1604 2106 sui

353 2142 518 2229 hostisque
563 2141 721 2206 atterendi
763 2141 856 2218 ratio,
893 2141 919 2205 si
957 2142 1098 2207 studium
1135 2144 1223 2228 pacis
1261 2165 1355 2207 suum
1393 2142 1604 2230 desperatum

352 2243 563 2307 intellexerit.

437 2343 575 2429 Expetit
603 2343 676 2407 D2io
703 2356 808 2407 vestra
836 2344 965 2407 nomine
988 2367 1046 2407 suo
1070 2358 1103 2408 et
1124 2367 1293 2431 procerum
1317 2344 1431 2432 Magni
1454 2344 1604 2408 Ducatns

353 2444 548 2523 Lithuaniae,
582 2456 620 2507 ut
648 2443 687 2507 ab
711 2445 806 2508 armis
828 2443 1010 2507 desinamus
1033 2445 1127 2509 etde
1151 2468 1228 2532 pace
1252 2458 1375 2532 pacate,
1399 2445 1605 2509 cessantibus

356 2568 515 2610 armorum
559 2543 698 2628 injuriis,
743 2563 890 2630 agamus,
934 2544 1168 2609 commissarios
1209 2544 1340 2609 interim
1378 2545 1465 2609 eirca
1503 2544 1604 2610 finem

354 2645 499 2731 Augusti
534 2645 630 2730 pleno
663 2667 797 2708 numero
831 2644 1007 2709 adfuturos.
1063 2645 1217 2710 Poterant
1249 2644 1298 2708 illi
1329 2644 1472 2710 adfuisse
1496 2646 1605 2731 primo

355 2747 459 2823 Junii,
493 2759 526 2809 et
559 2744 616 2809 hos
651 2759 757 2809 motus
789 2745 884 2809 facile
918 2745 1105 2810 declinasse.
1160 2747 1229 2810 Nec
1263 2745 1303 2810 de
1330 2768 1466 2809 numero
1490 2768 1604 2810 sumus

354 2847 496 2921 solliciti,
535 2846 630 2910 modo
664 2846 730 2909 sint
762 2845 825 2909 viri
857 2846 891 2910 in
924 2846 1089 2932 republica
1123 2846 1221 2910 velidi
1255 2862 1289 2910 et
1322 2846 1419 2911 talem
1460 2846 1605 2912 habeant

354 2948 522 3013 statuendi
545 2969 581 3010 ae
603 2946 797 3012 decernendi
819 2961 1023 3032 potestatem,
1047 2971 1116 3034 quae
1138 2947 1275 3034 negocio
1298 2946 1375 3010 huie
1399 2948 1604 3033 perficiendo

355 3049 501 3113 sufficiat.
559 3048 680 3113 Verum
714 3070 788 3111 curn
816 3070 957 3111 annuum
981 3050 1135 3134 spacium,
1159 3066 1197 3112 ut
1219 3049 1323 3133 priora
1345 3063 1495 3135 tempora
1519 3064 1605 3113 tace·

356 3172 454 3225 smus,
489 3172 552 3212 non
586 3148 663 3212 satis
696 3162 781 3213 esset
813 3149 850 3212 ad
883 3148 946 3212 iter
974 3163 1007 3212 et
1029 3149 1263 3235 praeparatoria,
1286 3172 1381 3213 nemo
1402 3150 1498 3213 nobis
1522 3150 1605 3214 vitio

355 3264 469 3328 vertet,
493 3250 520 3314 si
539 3251 638 3334 justis
661 3250 827 3335 cautisque
854 3248 1093 3335 suspicionibus
1116 3250 1213 3334 paulo
1237 3250 1339 3335 magis
1362 3249 1604 3336 indulgeamus.

357 3356 455 3416 Arme
487 3352 588 3438 igitur
615 3351 654 3414 ad
677 3364 826 3436 rogatum
850 3364 992 3415 vestrum
1016 3350 1045 3413 S.
1069 3350 1106 3413 R.
1131 3349 1226 3413 Mttas
1249 3373 1313 3413 non
1336 3363 1445 3435 potest·
1469 3353 1605 3416 omnino

356 3476 510 3537 seponere
533 3452 573 3515 ob
596 3474 707 3515 causas
731 3451 890 3536 prioribus
912 3450 1029 3516 nostris
1052 3450 1155 3514 literis
1177 3451 1249 3513 fuse
1269 3450 1414 3524 insertas,
1433 3450 1498 3514 nisi
1515 3453 1605 3538 prius

355 3553 535 3616 constiterit
557 3553 596 3617 de
619 3565 738 3616 eventu
760 3574 950 3636 congressus
972 3552 1082 3614 nostri.

444 3653 564 3717 Verum
587 3676 627 3717 ne
651 3676 720 3739 quae
743 3652 869 3716 occasio
893 3666 948 3716 aut
971 3665 1169 3716 momentum
1191 3651 1435 3737 tranquillitatis
1458 3665 1494 3717 et
1517 3653 1606 3739 pacis

357 3754 545 3817 reducendae
572 3753 771 3838 sistendique
799 3753 965 3837 sanguinis
989 3751 1121 3816 humani
1144 3753 1236 3816 nobis
1258 3753 1395 3816 intereat
1418 3764 1518 3838 atque
1544 3777 1606 3818 ms·

356 3855 451 3918 nibus
485 3852 639 3930 elabetur,
670 3876 708 3917 eo
735 3853 864 3939 quidem
887 3852 1038 3917 fleximus
1062 3853 1093 3916 S.
1117 3854 1153 3917 R.
1178 3853 1299 3927 Maem,
1323 3854 1434 3917 dznurn
1457 3868 1605 3919 nostrum

357 3954 654 4042 clementissimum,
689 3968 726 4017 ut
758 3976 844 4016 arma
870 3977 937 4030 sua,
965 3977 1035 4039 quae
1058 3977 1145 4017 nunc
1168 3953 1285 4017 inferre
1309 3952 1494 4018 Lithueniae
1518 3956 1606 4043 cogi·

357 4070 413 4131 tat,
449 4055 562 4120 sistere
595 4069 628 4119 et
661 4054 825 4118 continere
858 4054 891 4118 in
927 4053 1103 4118 Lithuania
1132 4067 1165 4118 et
1193 4054 1391 4118 Churlandia
1411 4056 1606 4131 decreverit,

357 4157 459 4220 donoc
487 4154 698 4220 commissarii
720 4155 887 4241 utriusque
910 4170 1053 4219 nostrum
1077 4155 1116 4219 ad
1140 4155 1236 4219 finem
1259 4155 1403 4240 Augusti
1427 4157 1605 4245 congressi,

358 4280 428 4343 quae
461 4256 503 4320 sit
536 4279 642 4320 rerum
675 4256 773 4320 facies
805 4257 838 4320 in
874 4270 1039 4342 posterum
1073 4254 1185 4319 futura
1212 4257 1296 4320 inter
1322 4278 1391 4332 nos,
1419 4259 1604 4323 statuerint.

358 4357 481 4421 Verum
514 4379 587 4420 oum
615 4356 679 4420 huc
707 4357 749 4420 sit
776 4379 963 4444 progressus
990 4379 1197 4443 summosque
1221 4372 1369 4443 sumptus
1391 4356 1523 4434 feeerit,
1546 4382 1604 4423 nec

358 4458 494 4521 militem
530 4480 625 4520 suum
657 4458 690 4520 in
725 4457 848 4521 hostico
882 4458 1021 4521 otiosum
1050 4472 1159 4522 tenere
1183 4458 1251 4522 sine
1274 4479 1400 4521 summo
1423 4481 1486 4522 suo
1509 4460 1605 4525 detri-

358 4572 467 4623 mento
500 4557 611 4643 possit,
639 4557 744 4643 primo
766 4557 936 4621 Livoniam
960 4558 1020 4623 hac
1044 4581 1203 4622 armorum
1227 4558 1438 4644 suspensione
1462 4583 1605 4648 compre·

359 4658 457 4723 hendi
491 4683 555 4723 non
589 4657 670 4734 vult,
704 4680 777 4721 curn
811 4658 950 4743 plurima
982 4659 1015 4722 in
1048 4680 1087 4721 ea
1118 4658 1189 4723 loca
1214 4660 1281 4743 jam
1305 4659 1475 4727 obsidione
1499 4663 1605 4726 cincta
