<?xml version="1.0" encoding="UTF-8"?>
<!DOCTYPE html PUBLIC "-//W3C//DTD XHTML 1.0 Transitional//EN"
    "http://www.w3.org/TR/xhtml1/DTD/xhtml1-transitional.dtd">
<html xmlns="http://www.w3.org/1999/xhtml" xml:lang="en" lang="en">
 <head>
  <title>
</title>
<meta http-equiv="Content-Type" content="text/html;charset=utf-8" />
  <meta name='ocr-system' content='tesseract 3.04.00' />
  <meta name='ocr-capabilities' content='ocr_page ocr_carea ocr_par ocr_line ocrx_word'/>
</head>
<body>
  <div class='ocr_page' id='page_1' title='image "./rikskanslerenax00akadgoog_0107.png"; bbox 0 0 3314 5362; ppageno 0'>
   <div class='ocr_carea' id='block_1_1' title="bbox 1260 444 1300 506">
    <p class='ocr_par' dir='ltr' id='par_1_1' title="bbox 1260 444 1300 506">
     <span class='ocr_line' id='line_1_1' title="bbox 1260 444 1300 506; baseline 0.05 -2"><span class='ocrx_word' id='word_1_1' title='bbox 1260 444 1300 506; x_wconf 77' lang='lat'>73</span> 
     </span>
    </p>
   </div>
   <div class='ocr_carea' id='block_1_2' title="bbox 32 607 1351 4726">
    <p class='ocr_par' dir='ltr' id='par_1_2' title="bbox 102 607 1342 875">
     <span class='ocr_line' id='line_1_2' title="bbox 102 607 1342 688; baseline -0.001 -17"><span class='ocrx_word' id='word_1_2' title='bbox 102 632 168 671; x_wconf 89' lang='lat' dir='ltr'>eum</span> <span class='ocrx_word' id='word_1_3' title='bbox 203 608 337 673; x_wconf 89' lang='lat' dir='ltr'>modum</span> <span class='ocrx_word' id='word_1_4' title='bbox 372 608 491 673; x_wconf 87' lang='lat' dir='ltr'>erimus</span> <span class='ocrx_word' id='word_1_5' title='bbox 523 609 558 672; x_wconf 89' lang='lat' dir='ltr'>in</span> <span class='ocrx_word' id='word_1_6' title='bbox 592 607 707 672; x_wconf 87' lang='lat' dir='ltr'>Sueeia</span> <span class='ocrx_word' id='word_1_7' title='bbox 735 609 809 688; x_wconf 84' lang='lat' dir='ltr'>tuti,</span> <span class='ocrx_word' id='word_1_8' title='bbox 837 607 946 673; x_wconf 90' lang='lat' dir='ltr'>hostes</span> <span class='ocrx_word' id='word_1_9' title='bbox 969 608 1252 673; x_wconf 75' lang='lat' dir='ltr'>commoditatibus</span> <span class='ocrx_word' id='word_1_10' title='bbox 1276 608 1342 671; x_wconf 90' lang='lat' dir='ltr'>suis</span> 
     </span>
     <span class='ocr_line' id='line_1_3' title="bbox 104 708 1340 796; baseline 0.001 -25"><span class='ocrx_word' id='word_1_11' title='bbox 104 709 187 772; x_wconf 91' lang='lat' dir='ltr'>nobis</span> <span class='ocrx_word' id='word_1_12' title='bbox 215 709 355 773; x_wconf 91' lang='lat' dir='ltr'>nocendi</span> <span class='ocrx_word' id='word_1_13' title='bbox 382 710 485 786; x_wconf 84' lang='lat' dir='ltr'>exuti,</span> <span class='ocrx_word' id='word_1_14' title='bbox 518 724 612 796; x_wconf 87' lang='lat' dir='ltr'>atque</span> <span class='ocrx_word' id='word_1_15' title='bbox 638 708 780 796; x_wconf 91' lang='lat' dir='ltr'>nosipsi</span> <span class='ocrx_word' id='word_1_16' title='bbox 804 709 980 774; x_wconf 89' lang='lat' dir='ltr'>secundnm</span> <span class='ocrx_word' id='word_1_17' title='bbox 1005 710 1110 774; x_wconf 89' lang='lat' dir='ltr'>Deum</span> <span class='ocrx_word' id='word_1_18' title='bbox 1133 708 1340 773; x_wconf 89' lang='lat' dir='ltr'>consiliorum</span> 
     </span>
     <span class='ocr_line' id='line_1_4' title="bbox 102 810 720 875; baseline 0 -3"><span class='ocrx_word' id='word_1_19' title='bbox 102 826 277 873; x_wconf 86' lang='lat' dir='ltr'>nostrorum</span> <span class='ocrx_word' id='word_1_20' title='bbox 300 810 411 875; x_wconf 78' lang='lat' dir='ltr'>arbitri</span> <span class='ocrx_word' id='word_1_21' title='bbox 435 834 471 875; x_wconf 91' lang='lat' dir='ltr'>ac</span> <span class='ocrx_word' id='word_1_22' title='bbox 496 811 720 874; x_wconf 89' lang='lat' dir='ltr'>moderatores.</span> 
     </span>
    </p>

    <p class='ocr_par' dir='ltr' id='par_1_3' title="bbox 32 910 1345 2004">
     <span class='ocr_line' id='line_1_5' title="bbox 178 910 1342 996; baseline 0.001 -24"><span class='ocrx_word' id='word_1_23' title='bbox 178 910 281 975; x_wconf 88' lang='lat' dir='ltr'>Hisce</span> <span class='ocrx_word' id='word_1_24' title='bbox 307 911 452 975; x_wconf 87' lang='lat' dir='ltr'>consiliis</span> <span class='ocrx_word' id='word_1_25' title='bbox 474 911 591 975; x_wconf 90' lang='lat' dir='ltr'>nostris</span> <span class='ocrx_word' id='word_1_26' title='bbox 613 911 738 974; x_wconf 91' lang='lat' dir='ltr'>nullum</span> <span class='ocrx_word' id='word_1_27' title='bbox 762 913 865 975; x_wconf 88' lang='lat' dir='ltr'>maius</span> <span class='ocrx_word' id='word_1_28' title='bbox 888 911 1040 996; x_wconf 88' lang='lat' dir='ltr'>objicitur</span> <span class='ocrx_word' id='word_1_29' title='bbox 1062 910 1342 996; x_wconf 81' lang='lat' dir='ltr'>impedimentum,</span> 
     </span>
     <span class='ocr_line' id='line_1_6' title="bbox 32 1010 1342 1098; baseline 0 -25"><span class='ocrx_word' id='word_1_30' title='bbox 32 1024 33 1041; x_wconf 66' lang='lat'>¹</span> <span class='ocrx_word' id='word_1_31' title='bbox 102 1034 189 1096; x_wconf 86' lang='lat' dir='ltr'>qnam</span> <span class='ocrx_word' id='word_1_32' title='bbox 228 1011 317 1098; x_wconf 89' lang='lat' dir='ltr'>quod</span> <span class='ocrx_word' id='word_1_33' title='bbox 351 1012 506 1076; x_wconf 79' lang='lat' dir='ltr'>credibile</span> <span class='ocrx_word' id='word_1_34' title='bbox 540 1013 582 1075; x_wconf 90' lang='lat' dir='ltr'>sit</span> <span class='ocrx_word' id='word_1_35' title='bbox 614 1012 797 1077; x_wconf 88' lang='lat' dir='ltr'>Electorem</span> <span class='ocrx_word' id='word_1_36' title='bbox 832 1012 1153 1098; x_wconf 82' lang='lat' dir='ltr'>Brandenburgicum</span> <span class='ocrx_word' id='word_1_37' title='bbox 1186 1010 1274 1074; x_wconf 84' lang='lat' dir='ltr'>hisee</span> <span class='ocrx_word' id='word_1_38' title='bbox 1308 1034 1342 1074; x_wconf 87' lang='lat' dir='ltr'>se</span> 
     </span>
     <span class='ocr_line' id='line_1_7' title="bbox 102 1110 1343 1196; baseline 0.001 -24"><span class='ocrx_word' id='word_1_39' title='bbox 102 1110 332 1196; x_wconf 89' lang='lat' dir='ltr'>appositurum,</span> <span class='ocrx_word' id='word_1_40' title='bbox 366 1127 467 1189; x_wconf 86' lang='lat' dir='ltr'>metu,</span> <span class='ocrx_word' id='word_1_41' title='bbox 500 1135 541 1176; x_wconf 91' lang='lat' dir='ltr'>ne</span> <span class='ocrx_word' id='word_1_42' title='bbox 575 1113 727 1176; x_wconf 86' lang='lat' dir='ltr'>Bornssia</span> <span class='ocrx_word' id='word_1_43' title='bbox 760 1136 817 1176; x_wconf 90' lang='lat' dir='ltr'>sua</span> <span class='ocrx_word' id='word_1_44' title='bbox 850 1113 983 1177; x_wconf 89' lang='lat' dir='ltr'>Ducalis</span> <span class='ocrx_word' id='word_1_45' title='bbox 1017 1112 1069 1176; x_wconf 92' lang='lat' dir='ltr'>vel</span> <span class='ocrx_word' id='word_1_46' title='bbox 1103 1135 1121 1175; x_wconf 91' lang='lat' dir='ltr'>a</span> <span class='ocrx_word' id='word_1_47' title='bbox 1152 1123 1261 1176; x_wconf 89' lang='lat' dir='ltr'>nostro</span> <span class='ocrx_word' id='word_1_48' title='bbox 1290 1110 1343 1176; x_wconf 85' lang='lat' dir='ltr'>rel</span> 
     </span>
     <span class='ocr_line' id='line_1_8' title="bbox 105 1210 1342 1298; baseline 0.001 -25"><span class='ocrx_word' id='word_1_49' title='bbox 105 1210 214 1275; x_wconf 88' lang='lat' dir='ltr'>Paloni</span> <span class='ocrx_word' id='word_1_50' title='bbox 247 1213 350 1277; x_wconf 87' lang='lat' dir='ltr'>milite</span> <span class='ocrx_word' id='word_1_51' title='bbox 385 1227 522 1278; x_wconf 83' lang='lat' dir='ltr'>vexetur</span> <span class='ocrx_word' id='word_1_52' title='bbox 548 1226 581 1276; x_wconf 91' lang='lat' dir='ltr'>et</span> <span class='ocrx_word' id='word_1_53' title='bbox 609 1226 774 1290; x_wconf 82' lang='lat' dir='ltr'>atteratur,</span> <span class='ocrx_word' id='word_1_54' title='bbox 797 1237 870 1279; x_wconf 89' lang='lat' dir='ltr'>cum</span> <span class='ocrx_word' id='word_1_55' title='bbox 894 1213 1015 1277; x_wconf 90' lang='lat' dir='ltr'>bellum</span> <span class='ocrx_word' id='word_1_56' title='bbox 1038 1213 1072 1276; x_wconf 93' lang='lat' dir='ltr'>in</span> <span class='ocrx_word' id='word_1_57' title='bbox 1096 1213 1278 1298; x_wconf 88' lang='lat' dir='ltr'>propinquo</span> <span class='ocrx_word' id='word_1_58' title='bbox 1301 1212 1342 1275; x_wconf 91' lang='lat' dir='ltr'>sit</span> 
     </span>
     <span class='ocr_line' id='line_1_9' title="bbox 103 1312 1342 1400; baseline 0.002 -26"><span class='ocrx_word' id='word_1_59' title='bbox 103 1312 252 1376; x_wconf 86' lang='lat' dir='ltr'>futuram.</span> <span class='ocrx_word' id='word_1_60' title='bbox 311 1314 463 1377; x_wconf 89' lang='lat' dir='ltr'>Vestrum</span> <span class='ocrx_word' id='word_1_61' title='bbox 496 1314 604 1400; x_wconf 90' lang='lat' dir='ltr'>itaque</span> <span class='ocrx_word' id='word_1_62' title='bbox 637 1314 698 1378; x_wconf 89' lang='lat' dir='ltr'>erit</span> <span class='ocrx_word' id='word_1_63' title='bbox 728 1314 813 1378; x_wconf 88' lang='lat' dir='ltr'>hunc</span> <span class='ocrx_word' id='word_1_64' title='bbox 837 1315 1022 1400; x_wconf 89' lang='lat' dir='ltr'>scrupulum</span> <span class='ocrx_word' id='word_1_65' title='bbox 1044 1314 1108 1400; x_wconf 91' lang='lat' dir='ltr'>ipsi</span> <span class='ocrx_word' id='word_1_66' title='bbox 1131 1314 1284 1389; x_wconf 82' lang='lat' dir='ltr'>eximere,</span> <span class='ocrx_word' id='word_1_67' title='bbox 1307 1336 1342 1376; x_wconf 90' lang='lat' dir='ltr'>ac</span> 
     </span>
     <span class='ocr_line' id='line_1_10' title="bbox 104 1413 1342 1501; baseline 0 -25"><span class='ocrx_word' id='word_1_68' title='bbox 104 1414 201 1496; x_wconf 88' lang='lat' dir='ltr'>primo</span> <span class='ocrx_word' id='word_1_69' title='bbox 234 1415 376 1501; x_wconf 90' lang='lat' dir='ltr'>quidem,</span> <span class='ocrx_word' id='word_1_70' title='bbox 411 1414 497 1501; x_wconf 91' lang='lat' dir='ltr'>qnod</span> <span class='ocrx_word' id='word_1_71' title='bbox 530 1415 591 1478; x_wconf 89' lang='lat' dir='ltr'>iter</span> <span class='ocrx_word' id='word_1_72' title='bbox 624 1414 707 1500; x_wconf 82' lang='lat' dir='ltr'>Regi</span> <span class='ocrx_word' id='word_1_73' title='bbox 737 1438 808 1480; x_wconf 89' lang='lat' dir='ltr'>meo</span> <span class='ocrx_word' id='word_1_74' title='bbox 837 1415 924 1480; x_wconf 90' lang='lat' dir='ltr'>aliud</span> <span class='ocrx_word' id='word_1_75' title='bbox 946 1438 1011 1479; x_wconf 90' lang='lat' dir='ltr'>non</span> <span class='ocrx_word' id='word_1_76' title='bbox 1034 1416 1085 1491; x_wconf 88' lang='lat' dir='ltr'>sit,</span> <span class='ocrx_word' id='word_1_77' title='bbox 1110 1436 1204 1496; x_wconf 88' lang='lat' dir='ltr'>quam</span> <span class='ocrx_word' id='word_1_78' title='bbox 1227 1413 1280 1477; x_wconf 83' lang='lat' dir='ltr'>vel</span> <span class='ocrx_word' id='word_1_79' title='bbox 1304 1414 1342 1476; x_wconf 87' lang='lat' dir='ltr'>ad</span> 
     </span>
     <span class='ocr_line' id='line_1_11' title="bbox 102 1514 1344 1602; baseline 0.001 -26"><span class='ocrx_word' id='word_1_80' title='bbox 102 1514 234 1578; x_wconf 85' lang='lat' dir='ltr'>Oderam</span> <span class='ocrx_word' id='word_1_81' title='bbox 269 1515 322 1578; x_wconf 79' lang='lat' dir='ltr'>rel</span> <span class='ocrx_word' id='word_1_82' title='bbox 354 1537 411 1600; x_wconf 90' lang='lat' dir='ltr'>per</span> <span class='ocrx_word' id='word_1_83' title='bbox 445 1515 642 1579; x_wconf 87' lang='lat' dir='ltr'>Borussiam:</span> <span class='ocrx_word' id='word_1_84' title='bbox 676 1516 755 1579; x_wconf 92' lang='lat' dir='ltr'>illud</span> <span class='ocrx_word' id='word_1_85' title='bbox 784 1515 961 1580; x_wconf 84' lang='lat' dir='ltr'>Marcbiam</span> <span class='ocrx_word' id='word_1_86' title='bbox 989 1515 1180 1602; x_wconf 78' lang='lat' dir='ltr'>penetrabit,</span> <span class='ocrx_word' id='word_1_87' title='bbox 1203 1515 1263 1578; x_wconf 88' lang='lat' dir='ltr'>hoc</span> <span class='ocrx_word' id='word_1_88' title='bbox 1287 1515 1344 1577; x_wconf 87' lang='lat' dir='ltr'>vix</span> 
     </span>
     <span class='ocr_line' id='line_1_12' title="bbox 104 1614 1344 1703; baseline 0 -26"><span class='ocrx_word' id='word_1_89' title='bbox 104 1614 222 1678; x_wconf 75' lang='lat' dir='ltr'>ridebit</span> <span class='ocrx_word' id='word_1_90' title='bbox 245 1616 427 1679; x_wconf 88' lang='lat' dir='ltr'>Borussiam</span> <span class='ocrx_word' id='word_1_91' title='bbox 451 1616 616 1691; x_wconf 86' lang='lat' dir='ltr'>Ducalem,</span> <span class='ocrx_word' id='word_1_92' title='bbox 640 1630 676 1679; x_wconf 91' lang='lat' dir='ltr'>ut</span> <span class='ocrx_word' id='word_1_93' title='bbox 697 1631 805 1680; x_wconf 90' lang='lat' dir='ltr'>nostra</span> <span class='ocrx_word' id='word_1_94' title='bbox 827 1618 981 1703; x_wconf 88' lang='lat' dir='ltr'>opinione</span> <span class='ocrx_word' id='word_1_95' title='bbox 1004 1617 1094 1703; x_wconf 91' lang='lat' dir='ltr'>optio</span> <span class='ocrx_word' id='word_1_96' title='bbox 1116 1639 1181 1679; x_wconf 90' lang='lat' dir='ltr'>non</span> <span class='ocrx_word' id='word_1_97' title='bbox 1205 1617 1247 1679; x_wconf 91' lang='lat' dir='ltr'>sit</span> <span class='ocrx_word' id='word_1_98' title='bbox 1267 1615 1344 1678; x_wconf 92' lang='lat' dir='ltr'>duo·</span> 
     </span>
     <span class='ocr_line' id='line_1_13' title="bbox 103 1716 1345 1801; baseline 0 -24"><span class='ocrx_word' id='word_1_99' title='bbox 103 1738 167 1778; x_wconf 88' lang='lat' dir='ltr'>rum</span> <span class='ocrx_word' id='word_1_100' title='bbox 204 1717 362 1780; x_wconf 88' lang='lat' dir='ltr'>malorum</span> <span class='ocrx_word' id='word_1_101' title='bbox 395 1717 545 1781; x_wconf 83' lang='lat' dir='ltr'>difficilis.</span> <span class='ocrx_word' id='word_1_102' title='bbox 595 1717 699 1781; x_wconf 80' lang='lat' dir='ltr'>Abest</span> <span class='ocrx_word' id='word_1_103' title='bbox 725 1717 843 1782; x_wconf 89' lang='lat' dir='ltr'>deinde</span> <span class='ocrx_word' id='word_1_104' title='bbox 870 1717 1059 1781; x_wconf 89' lang='lat' dir='ltr'>Dantiacnm</span> <span class='ocrx_word' id='word_1_105' title='bbox 1084 1731 1176 1780; x_wconf 89' lang='lat' dir='ltr'>tanto</span> <span class='ocrx_word' id='word_1_106' title='bbox 1199 1716 1345 1801; x_wconf 86' lang='lat' dir='ltr'>spatioa</span> 
     </span>
     <span class='ocr_line' id='line_1_14' title="bbox 105 1815 1344 1905; baseline 0.001 -28"><span class='ocrx_word' id='word_1_107' title='bbox 105 1815 214 1881; x_wconf 84' lang='lat' dir='ltr'>Dneali</span> <span class='ocrx_word' id='word_1_108' title='bbox 248 1818 409 1893; x_wconf 91' lang='lat' dir='ltr'>Bornssia,</span> <span class='ocrx_word' id='word_1_109' title='bbox 444 1832 540 1903; x_wconf 86' lang='lat' dir='ltr'>atquc</span> <span class='ocrx_word' id='word_1_110' title='bbox 568 1818 630 1881; x_wconf 87' lang='lat' dir='ltr'>iter</span> <span class='ocrx_word' id='word_1_111' title='bbox 651 1818 685 1881; x_wconf 91' lang='lat' dir='ltr'>in</span> <span class='ocrx_word' id='word_1_112' title='bbox 709 1817 856 1882; x_wconf 79' lang='lat' dir='ltr'>Silesiam</span> <span class='ocrx_word' id='word_1_113' title='bbox 879 1818 1008 1905; x_wconf 84' lang='lat' dir='ltr'>longius</span> <span class='ocrx_word' id='word_1_114' title='bbox 1031 1817 1105 1882; x_wconf 90' lang='lat' dir='ltr'>hiae</span> <span class='ocrx_word' id='word_1_115' title='bbox 1129 1817 1284 1893; x_wconf 88' lang='lat' dir='ltr'>deflectit,</span> <span class='ocrx_word' id='word_1_116' title='bbox 1308 1831 1344 1878; x_wconf 89' lang='lat' dir='ltr'>ut</span> 
     </span>
     <span class='ocr_line' id='line_1_15' title="bbox 105 1915 1172 2004; baseline 0.001 -25"><span class='ocrx_word' id='word_1_117' title='bbox 105 1915 228 1980; x_wconf 82' lang='lat' dir='ltr'>Elector</span> <span class='ocrx_word' id='word_1_118' title='bbox 250 1941 313 1981; x_wconf 93' lang='lat' dir='ltr'>non</span> <span class='ocrx_word' id='word_1_119' title='bbox 337 1917 512 1982; x_wconf 87' lang='lat' dir='ltr'>difficulter</span> <span class='ocrx_word' id='word_1_120' title='bbox 531 1919 605 2002; x_wconf 88' lang='lat' dir='ltr'>jura</span> <span class='ocrx_word' id='word_1_121' title='bbox 627 1918 845 1983; x_wconf 78' lang='lat' dir='ltr'>neutralitatis</span> <span class='ocrx_word' id='word_1_122' title='bbox 868 1919 1037 1983; x_wconf 82' lang='lat' dir='ltr'>observare</span> <span class='ocrx_word' id='word_1_123' title='bbox 1061 1920 1172 2004; x_wconf 85' lang='lat' dir='ltr'>possit.</span> 
     </span>
    </p>

    <p class='ocr_par' dir='ltr' id='par_1_4' title="bbox 33 2017 1349 4019">
     <span class='ocr_line' id='line_1_16' title="bbox 184 2017 1345 2105; baseline -0.002 -24"><span class='ocrx_word' id='word_1_124' title='bbox 184 2017 219 2081; x_wconf 95' lang='lat' dir='ltr'>Id</span> <span class='ocrx_word' id='word_1_125' title='bbox 241 2041 319 2082; x_wconf 81' lang='lat' dir='ltr'>vero</span> <span class='ocrx_word' id='word_1_126' title='bbox 342 2032 375 2083; x_wconf 91' lang='lat' dir='ltr'>et</span> <span class='ocrx_word' id='word_1_127' title='bbox 397 2019 487 2082; x_wconf 84' lang='lat' dir='ltr'>vobis</span> <span class='ocrx_word' id='word_1_128' title='bbox 510 2033 544 2083; x_wconf 91' lang='lat' dir='ltr'>et</span> <span class='ocrx_word' id='word_1_129' title='bbox 567 2019 707 2083; x_wconf 79' lang='lat' dir='ltr'>Electori</span> <span class='ocrx_word' id='word_1_130' title='bbox 726 2019 986 2105; x_wconf 84' lang='lat' dir='ltr'>Brandeburgico</span> <span class='ocrx_word' id='word_1_131' title='bbox 1002 2035 1116 2105; x_wconf 84' lang='lat' dir='ltr'>praeter</span> <span class='ocrx_word' id='word_1_132' title='bbox 1130 2031 1237 2082; x_wconf 87' lang='lat' dir='ltr'>cetera</span> <span class='ocrx_word' id='word_1_133' title='bbox 1254 2040 1345 2080; x_wconf 86' lang='lat' dir='ltr'>aceu-</span> 
     </span>
     <span class='ocr_line' id='line_1_17' title="bbox 104 2117 1345 2195; baseline -0.001 -15"><span class='ocrx_word' id='word_1_134' title='bbox 104 2132 164 2182; x_wconf 87' lang='lat' dir='ltr'>rate</span> <span class='ocrx_word' id='word_1_135' title='bbox 187 2118 457 2183; x_wconf 86' lang='lat' dir='ltr'>considerandum</span> <span class='ocrx_word' id='word_1_136' title='bbox 481 2133 539 2195; x_wconf 90' lang='lat' dir='ltr'>est,</span> <span class='ocrx_word' id='word_1_137' title='bbox 560 2119 782 2183; x_wconf 89' lang='lat' dir='ltr'>Pomeraniam</span> <span class='ocrx_word' id='word_1_138' title='bbox 799 2120 888 2184; x_wconf 82' lang='lat' dir='ltr'>brevi</span> <span class='ocrx_word' id='word_1_139' title='bbox 906 2121 1105 2185; x_wconf 78' lang='lat' dir='ltr'>occasionem</span> <span class='ocrx_word' id='word_1_140' title='bbox 1121 2117 1345 2183; x_wconf 74' lang='lat' dir='ltr'>controversiae</span> 
     </span>
     <span class='ocr_line' id='line_1_18' title="bbox 105 2218 1345 2306; baseline 0 -25"><span class='ocrx_word' id='word_1_141' title='bbox 105 2219 182 2282; x_wconf 89' lang='lat' dir='ltr'>inter</span> <span class='ocrx_word' id='word_1_142' title='bbox 204 2219 502 2306; x_wconf 87' lang='lat' dir='ltr'>Brandeburgioum</span> <span class='ocrx_word' id='word_1_143' title='bbox 523 2236 556 2285; x_wconf 92' lang='lat' dir='ltr'>et</span> <span class='ocrx_word' id='word_1_144' title='bbox 573 2222 731 2285; x_wconf 85' lang='lat' dir='ltr'>Bavarum</span> <span class='ocrx_word' id='word_1_145' title='bbox 747 2222 903 2284; x_wconf 90' lang='lat' dir='ltr'>daturam.</span> <span class='ocrx_word' id='word_1_146' title='bbox 943 2221 1038 2285; x_wconf 89' lang='lat' dir='ltr'>Hane</span> <span class='ocrx_word' id='word_1_147' title='bbox 1055 2221 1210 2286; x_wconf 82' lang='lat' dir='ltr'>Caesarem</span> <span class='ocrx_word' id='word_1_148' title='bbox 1227 2218 1345 2282; x_wconf 85' lang='lat' dir='ltr'>habere</span> 
     </span>
     <span class='ocr_line' id='line_1_19' title="bbox 107 2320 1346 2407; baseline 0 -25"><span class='ocrx_word' id='word_1_149' title='bbox 107 2320 207 2383; x_wconf 87' lang='lat' dir='ltr'>multis</span> <span class='ocrx_word' id='word_1_150' title='bbox 231 2320 421 2385; x_wconf 89' lang='lat' dir='ltr'>nominibus</span> <span class='ocrx_word' id='word_1_151' title='bbox 444 2321 506 2385; x_wconf 93' lang='lat' dir='ltr'>sibi</span> <span class='ocrx_word' id='word_1_152' title='bbox 529 2322 718 2386; x_wconf 89' lang='lat' dir='ltr'>obstrictum</span> <span class='ocrx_word' id='word_1_153' title='bbox 743 2344 779 2385; x_wconf 89' lang='lat' dir='ltr'>ac</span> <span class='ocrx_word' id='word_1_154' title='bbox 801 2344 1008 2407; x_wconf 85' lang='lat' dir='ltr'>propensum,</span> <span class='ocrx_word' id='word_1_155' title='bbox 1031 2334 1064 2385; x_wconf 91' lang='lat' dir='ltr'>et</span> <span class='ocrx_word' id='word_1_156' title='bbox 1085 2321 1230 2384; x_wconf 87' lang='lat' dir='ltr'>vicinum</span> <span class='ocrx_word' id='word_1_157' title='bbox 1253 2320 1346 2383; x_wconf 88' lang='lat' dir='ltr'>Polo·</span> 
     </span>
     <span class='ocr_line' id='line_1_20' title="bbox 105 2419 1344 2506; baseline 0.001 -25"><span class='ocrx_word' id='word_1_158' title='bbox 105 2443 175 2483; x_wconf 90' lang='lat' dir='ltr'>num</span> <span class='ocrx_word' id='word_1_159' title='bbox 208 2421 296 2485; x_wconf 88' lang='lat' dir='ltr'>idem</span> <span class='ocrx_word' id='word_1_160' title='bbox 332 2423 428 2495; x_wconf 83' lang='lat' dir='ltr'>velle,</span> <span class='ocrx_word' id='word_1_161' title='bbox 461 2437 527 2499; x_wconf 88' lang='lat' dir='ltr'>ant,</span> <span class='ocrx_word' id='word_1_162' title='bbox 560 2423 587 2486; x_wconf 86' lang='lat' dir='ltr'>si</span> <span class='ocrx_word' id='word_1_163' title='bbox 621 2424 727 2486; x_wconf 90' lang='lat' dir='ltr'>minus</span> <span class='ocrx_word' id='word_1_164' title='bbox 753 2422 862 2486; x_wconf 80' lang='lat' dir='ltr'>faveat</span> <span class='ocrx_word' id='word_1_165' title='bbox 892 2423 1022 2497; x_wconf 86' lang='lat' dir='ltr'>Bavaro,</span> <span class='ocrx_word' id='word_1_166' title='bbox 1051 2438 1159 2485; x_wconf 87' lang='lat' dir='ltr'>tamen</span> <span class='ocrx_word' id='word_1_167' title='bbox 1181 2422 1289 2506; x_wconf 91' lang='lat' dir='ltr'>ipsum</span> <span class='ocrx_word' id='word_1_168' title='bbox 1312 2419 1344 2482; x_wconf 90' lang='lat' dir='ltr'>in</span> 
     </span>
     <span class='ocr_line' id='line_1_21' title="bbox 105 2520 1347 2608; baseline -0.001 -24"><span class='ocrx_word' id='word_1_169' title='bbox 105 2520 253 2585; x_wconf 78' lang='lat' dir='ltr'>Cassubia</span> <span class='ocrx_word' id='word_1_170' title='bbox 287 2545 324 2586; x_wconf 92' lang='lat' dir='ltr'>ac</span> <span class='ocrx_word' id='word_1_171' title='bbox 359 2522 508 2587; x_wconf 89' lang='lat' dir='ltr'>ulteriore</span> <span class='ocrx_word' id='word_1_172' title='bbox 539 2523 729 2588; x_wconf 86' lang='lat' dir='ltr'>Pomerania</span> <span class='ocrx_word' id='word_1_173' title='bbox 751 2522 886 2608; x_wconf 86' lang='lat' dir='ltr'>praedam</span> <span class='ocrx_word' id='word_1_174' title='bbox 910 2537 1067 2587; x_wconf 88' lang='lat' dir='ltr'>acturum.</span> <span class='ocrx_word' id='word_1_175' title='bbox 1112 2521 1347 2607; x_wconf 84' lang='lat' dir='ltr'>Brandeburgi·</span> 
     </span>
     <span class='ocr_line' id='line_1_22' title="bbox 105 2621 1347 2689; baseline -0.001 -5"><span class='ocrx_word' id='word_1_176' title='bbox 105 2644 172 2686; x_wconf 86' lang='lat' dir='ltr'>eum</span> <span class='ocrx_word' id='word_1_177' title='bbox 204 2646 282 2687; x_wconf 79' lang='lat' dir='ltr'>vero</span> <span class='ocrx_word' id='word_1_178' title='bbox 317 2622 474 2688; x_wconf 66' lang='lat' dir='ltr'>Caesarem</span> <span class='ocrx_word' id='word_1_179' title='bbox 508 2624 623 2689; x_wconf 87' lang='lat' dir='ltr'>habere</span> <span class='ocrx_word' id='word_1_180' title='bbox 657 2624 817 2688; x_wconf 86' lang='lat' dir='ltr'>offensum</span> <span class='ocrx_word' id='word_1_181' title='bbox 852 2637 885 2688; x_wconf 87' lang='lat' dir='ltr'>et</span> <span class='ocrx_word' id='word_1_182' title='bbox 919 2624 1076 2687; x_wconf 86' lang='lat' dir='ltr'>Polonum</span> <span class='ocrx_word' id='word_1_183' title='bbox 1107 2647 1125 2687; x_wconf 89' lang='lat' dir='ltr'>a</span> <span class='ocrx_word' id='word_1_184' title='bbox 1158 2621 1224 2687; x_wconf 90' lang='lat' dir='ltr'>suis</span> <span class='ocrx_word' id='word_1_185' title='bbox 1252 2622 1347 2686; x_wconf 87' lang='lat' dir='ltr'>rebus</span> 
     </span>
     <span class='ocr_line' id='line_1_23' title="bbox 106 2723 1347 2810; baseline -0.002 -24"><span class='ocrx_word' id='word_1_186' title='bbox 106 2723 255 2801; x_wconf 80' lang='lat' dir='ltr'>alienum3</span> <span class='ocrx_word' id='word_1_187' title='bbox 290 2725 439 2810; x_wconf 86' lang='lat' dir='ltr'>ideoque,</span> <span class='ocrx_word' id='word_1_188' title='bbox 473 2724 506 2787; x_wconf 94' lang='lat' dir='ltr'>ni</span> <span class='ocrx_word' id='word_1_189' title='bbox 540 2724 600 2788; x_wconf 92' lang='lat' dir='ltr'>sibi</span> <span class='ocrx_word' id='word_1_190' title='bbox 635 2725 826 2810; x_wconf 88' lang='lat' dir='ltr'>tempestive</span> <span class='ocrx_word' id='word_1_191' title='bbox 859 2725 1062 2810; x_wconf 86' lang='lat' dir='ltr'>prospexerit</span> <span class='ocrx_word' id='word_1_192' title='bbox 1096 2738 1129 2789; x_wconf 91' lang='lat' dir='ltr'>et</span> <span class='ocrx_word' id='word_1_193' title='bbox 1158 2736 1268 2788; x_wconf 89' lang='lat' dir='ltr'>contra</span> <span class='ocrx_word' id='word_1_194' title='bbox 1290 2723 1347 2785; x_wconf 89' lang='lat' dir='ltr'>has</span> 
     </span>
     <span class='ocr_line' id='line_1_24' title="bbox 33 2823 1348 2911; baseline -0.001 -25"><span class='ocrx_word' id='word_1_195' title='bbox 33 2844 34 2849; x_wconf 51' lang='lat'>¹</span> <span class='ocrx_word' id='word_1_196' title='bbox 107 2824 356 2889; x_wconf 82' lang='lat' dir='ltr'>machinationes</span> <span class='ocrx_word' id='word_1_197' title='bbox 389 2824 489 2889; x_wconf 87' lang='lat' dir='ltr'>firmis</span> <span class='ocrx_word' id='word_1_198' title='bbox 518 2825 674 2911; x_wconf 84' lang='lat' dir='ltr'>praesidiis</span> <span class='ocrx_word' id='word_1_199' title='bbox 701 2824 887 2900; x_wconf 83' lang='lat' dir='ltr'>muniverit,</span> <span class='ocrx_word' id='word_1_200' title='bbox 911 2825 1087 2910; x_wconf 89' lang='lat' dir='ltr'>periculum</span> <span class='ocrx_word' id='word_1_201' title='bbox 1112 2824 1234 2888; x_wconf 86' lang='lat' dir='ltr'>subibit</span> <span class='ocrx_word' id='word_1_202' title='bbox 1257 2823 1348 2887; x_wconf 86' lang='lat' dir='ltr'>amit·</span> 
     </span>
     <span class='ocr_line' id='line_1_25' title="bbox 108 2923 1347 3010; baseline -0.002 -23"><span class='ocrx_word' id='word_1_203' title='bbox 108 2928 203 2990; x_wconf 81' lang='lat' dir='ltr'>tsndae</span> <span class='ocrx_word' id='word_1_204' title='bbox 236 2949 305 2989; x_wconf 92' lang='lat' dir='ltr'>non</span> <span class='ocrx_word' id='word_1_205' title='bbox 336 2926 531 2989; x_wconf 78' lang='lat' dir='ltr'>Pomeraniae</span> <span class='ocrx_word' id='word_1_206' title='bbox 559 2927 663 3001; x_wconf 90' lang='lat' dir='ltr'>modo,</span> <span class='ocrx_word' id='word_1_207' title='bbox 687 2926 742 2990; x_wconf 90' lang='lat' dir='ltr'>sed</span> <span class='ocrx_word' id='word_1_208' title='bbox 765 2939 797 2989; x_wconf 88' lang='lat' dir='ltr'>et</span> <span class='ocrx_word' id='word_1_209' title='bbox 821 2926 977 2989; x_wconf 87' lang='lat' dir='ltr'>Borassiae</span> <span class='ocrx_word' id='word_1_210' title='bbox 1000 2947 1037 2988; x_wconf 88' lang='lat' dir='ltr'>ao</span> <span class='ocrx_word' id='word_1_211' title='bbox 1059 2925 1161 3010; x_wconf 90' lang='lat' dir='ltr'>ipsius</span> <span class='ocrx_word' id='word_1_212' title='bbox 1184 2923 1347 2988; x_wconf 81' lang='lat' dir='ltr'>Marehiae.</span> 
     </span>
     <span class='ocr_line' id='line_1_26' title="bbox 108 3023 1348 3112; baseline -0.002 -24"><span class='ocrx_word' id='word_1_213' title='bbox 108 3032 307 3112; x_wconf 76' lang='lat' dir='ltr'>Quantopere</span> <span class='ocrx_word' id='word_1_214' title='bbox 336 3040 446 3091; x_wconf 89' lang='lat' dir='ltr'>autem</span> <span class='ocrx_word' id='word_1_215' title='bbox 473 3050 535 3090; x_wconf 94' lang='lat' dir='ltr'>non</span> <span class='ocrx_word' id='word_1_216' title='bbox 559 3042 666 3091; x_wconf 82' lang='lat' dir='ltr'>nostra</span> <span class='ocrx_word' id='word_1_217' title='bbox 689 3027 794 3103; x_wconf 91' lang='lat' dir='ltr'>modo,</span> <span class='ocrx_word' id='word_1_218' title='bbox 819 3026 1033 3091; x_wconf 87' lang='lat' dir='ltr'>habitantium</span> <span class='ocrx_word' id='word_1_219' title='bbox 1057 3027 1096 3090; x_wconf 93' lang='lat' dir='ltr'>ad</span> <span class='ocrx_word' id='word_1_220' title='bbox 1120 3049 1205 3089; x_wconf 88' lang='lat' dir='ltr'>mare</span> <span class='ocrx_word' id='word_1_221' title='bbox 1229 3023 1348 3088; x_wconf 91' lang='lat' dir='ltr'>Balthi·</span> 
     </span>
     <span class='ocr_line' id='line_1_27' title="bbox 107 3125 1347 3214; baseline 0 -26"><span class='ocrx_word' id='word_1_222' title='bbox 107 3149 183 3203; x_wconf 87' lang='lat' dir='ltr'>cunr,</span> <span class='ocrx_word' id='word_1_223' title='bbox 205 3129 261 3192; x_wconf 90' lang='lat' dir='ltr'>sed</span> <span class='ocrx_word' id='word_1_224' title='bbox 286 3128 430 3190; x_wconf 90' lang='lat' dir='ltr'>omnium</span> <span class='ocrx_word' id='word_1_225' title='bbox 455 3128 725 3214; x_wconf 84' lang='lat' dir='ltr'>Evangelicornm</span> <span class='ocrx_word' id='word_1_226' title='bbox 747 3127 885 3205; x_wconf 85' lang='lat' dir='ltr'>intersit,</span> <span class='ocrx_word' id='word_1_227' title='bbox 909 3127 1130 3192; x_wconf 87' lang='lat' dir='ltr'>Pomeraniam</span> <span class='ocrx_word' id='word_1_228' title='bbox 1155 3150 1217 3189; x_wconf 89' lang='lat' dir='ltr'>non</span> <span class='ocrx_word' id='word_1_229' title='bbox 1238 3125 1347 3189; x_wconf 86' lang='lat' dir='ltr'>venire</span> 
     </span>
     <span class='ocr_line' id='line_1_28' title="bbox 33 3226 1347 3314; baseline -0.002 -23"><span class='ocrx_word' id='word_1_230' title='bbox 33 3280 34 3291; x_wconf 72' lang='lat'>.</span> <span class='ocrx_word' id='word_1_231' title='bbox 107 3226 136 3289; x_wconf 88' lang='lat' dir='ltr'>in</span> <span class='ocrx_word' id='word_1_232' title='bbox 168 3227 306 3291; x_wconf 87' lang='lat' dir='ltr'>alicuius</span> <span class='ocrx_word' id='word_1_233' title='bbox 341 3227 505 3292; x_wconf 90' lang='lat' dir='ltr'>Pontificii</span> <span class='ocrx_word' id='word_1_234' title='bbox 540 3228 695 3314; x_wconf 90' lang='lat' dir='ltr'>principis</span> <span class='ocrx_word' id='word_1_235' title='bbox 723 3251 864 3305; x_wconf 90' lang='lat' dir='ltr'>manum,</span> <span class='ocrx_word' id='word_1_236' title='bbox 893 3244 927 3293; x_wconf 91' lang='lat' dir='ltr'>tu</span> <span class='ocrx_word' id='word_1_237' title='bbox 949 3230 1019 3314; x_wconf 90' lang='lat' dir='ltr'>ipse</span> <span class='ocrx_word' id='word_1_238' title='bbox 1039 3227 1165 3313; x_wconf 68' lang='lat' dir='ltr'>judiam</span> <span class='ocrx_word' id='word_1_239' title='bbox 1189 3226 1347 3312; x_wconf 87' lang='lat' dir='ltr'>siquidem</span> 
     </span>
     <span class='ocr_line' id='line_1_29' title="bbox 33 3322 1348 3414; baseline 0.002 -27"><span class='ocrx_word' id='word_1_240' title='bbox 33 3322 34 3387; x_wconf 74' lang='grc' dir='ltr'>Ϊ</span> <span class='ocrx_word' id='word_1_241' title='bbox 108 3326 160 3390; x_wconf 80' lang='lat' dir='ltr'>hac</span> <span class='ocrx_word' id='word_1_242' title='bbox 191 3341 351 3414; x_wconf 87' lang='lat' dir='ltr'>occupata</span> <span class='ocrx_word' id='word_1_243' title='bbox 383 3351 493 3394; x_wconf 89' lang='lat' dir='ltr'>omnes</span> <span class='ocrx_word' id='word_1_244' title='bbox 523 3328 714 3413; x_wconf 77' lang='lat' dir='ltr'>Evangelici</span> <span class='ocrx_word' id='word_1_245' title='bbox 741 3352 800 3413; x_wconf 87' lang='lat' dir='ltr'>per</span> <span class='ocrx_word' id='word_1_246' title='bbox 821 3329 1025 3393; x_wconf 86' lang='lat' dir='ltr'>Germaniam</span> <span class='ocrx_word' id='word_1_247' title='bbox 1049 3329 1144 3392; x_wconf 88' lang='lat' dir='ltr'>armis</span> <span class='ocrx_word' id='word_1_248' title='bbox 1169 3327 1348 3391; x_wconf 84' lang='lat' dir='ltr'>Pontificiis</span> 
     </span>
     <span class='ocr_line' id='line_1_30' title="bbox 107 3428 1349 3516; baseline -0.002 -24"><span class='ocrx_word' id='word_1_249' title='bbox 107 3428 198 3493; x_wconf 86' lang='lat' dir='ltr'>cincti</span> <span class='ocrx_word' id='word_1_250' title='bbox 226 3444 331 3506; x_wconf 86' lang='lat' dir='ltr'>erunt,</span> <span class='ocrx_word' id='word_1_251' title='bbox 359 3452 474 3516; x_wconf 88' lang='lat' dir='ltr'>resque</span> <span class='ocrx_word' id='word_1_252' title='bbox 497 3429 600 3493; x_wconf 90' lang='lat' dir='ltr'>omnis</span> <span class='ocrx_word' id='word_1_253' title='bbox 623 3429 661 3494; x_wconf 87' lang='lat' dir='ltr'>ad</span> <span class='ocrx_word' id='word_1_254' title='bbox 686 3429 834 3494; x_wconf 85' lang='lat' dir='ltr'>ultimam</span> <span class='ocrx_word' id='word_1_255' title='bbox 857 3430 1113 3515; x_wconf 86' lang='lat' dir='ltr'>desperationem</span> <span class='ocrx_word' id='word_1_256' title='bbox 1137 3429 1258 3492; x_wconf 86' lang='lat' dir='ltr'>adacta.</span> <span class='ocrx_word' id='word_1_257' title='bbox 1302 3431 1349 3490; x_wconf 83' lang='lat' dir='ltr'>At</span> 
     </span>
     <span class='ocr_line' id='line_1_31' title="bbox 109 3529 1348 3616; baseline 0.001 -27"><span class='ocrx_word' id='word_1_258' title='bbox 109 3530 176 3592; x_wconf 86' lang='lat' dir='ltr'>sade</span> <span class='ocrx_word' id='word_1_259' title='bbox 209 3529 289 3594; x_wconf 88' lang='lat' dir='ltr'>belli</span> <span class='ocrx_word' id='word_1_260' title='bbox 323 3530 425 3593; x_wconf 89' lang='lat' dir='ltr'>nostri</span> <span class='ocrx_word' id='word_1_261' title='bbox 457 3531 491 3593; x_wconf 93' lang='lat' dir='ltr'>in</span> <span class='ocrx_word' id='word_1_262' title='bbox 525 3531 678 3595; x_wconf 89' lang='lat' dir='ltr'>Borussia</span> <span class='ocrx_word' id='word_1_263' title='bbox 704 3529 859 3594; x_wconf 84' lang='lat' dir='ltr'>collocata</span> <span class='ocrx_word' id='word_1_264' title='bbox 889 3546 984 3616; x_wconf 88' lang='lat' dir='ltr'>atquc</span> <span class='ocrx_word' id='word_1_265' title='bbox 1010 3531 1161 3595; x_wconf 82' lang='lat' dir='ltr'>Dentisco</span> <span class='ocrx_word' id='word_1_266' title='bbox 1185 3542 1348 3613; x_wconf 89' lang='lat' dir='ltr'>occupato,</span> 
     </span>
     <span class='ocr_line' id='line_1_32' title="bbox 108 3630 1349 3718; baseline 0.001 -28"><span class='ocrx_word' id='word_1_267' title='bbox 108 3651 211 3695; x_wconf 89' lang='lat' dir='ltr'>omnes</span> <span class='ocrx_word' id='word_1_268' title='bbox 242 3630 301 3694; x_wconf 90' lang='lat' dir='ltr'>has</span> <span class='ocrx_word' id='word_1_269' title='bbox 325 3630 508 3695; x_wconf 86' lang='lat' dir='ltr'>molitiones</span> <span class='ocrx_word' id='word_1_270' title='bbox 531 3654 588 3716; x_wconf 91' lang='lat' dir='ltr'>per</span> <span class='ocrx_word' id='word_1_271' title='bbox 611 3631 672 3695; x_wconf 86' lang='lat' dir='ltr'>Dei</span> <span class='ocrx_word' id='word_1_272' title='bbox 696 3632 831 3718; x_wconf 77' lang='lat' dir='ltr'>gratiam</span> <span class='ocrx_word' id='word_1_273' title='bbox 855 3631 944 3695; x_wconf 92' lang='lat' dir='ltr'>nullo</span> <span class='ocrx_word' id='word_1_274' title='bbox 967 3631 1104 3717; x_wconf 87' lang='lat' dir='ltr'>negocio</span> <span class='ocrx_word' id='word_1_275' title='bbox 1127 3631 1349 3701; x_wconf 88' lang='lat' dir='ltr'>discutiamus,</span> 
     </span>
     <span class='ocr_line' id='line_1_33' title="bbox 110 3730 1349 3819; baseline 0 -26"><span class='ocrx_word' id='word_1_276' title='bbox 110 3753 141 3793; x_wconf 88' lang='lat' dir='ltr'>ac</span> <span class='ocrx_word' id='word_1_277' title='bbox 172 3730 330 3796; x_wconf 83' lang='lat' dir='ltr'>Caesarem</span> <span class='ocrx_word' id='word_1_278' title='bbox 364 3731 583 3817; x_wconf 90' lang='lat' dir='ltr'>Polonnmque</span> <span class='ocrx_word' id='word_1_279' title='bbox 618 3755 680 3795; x_wconf 88' lang='lat' dir='ltr'>noa</span> <span class='ocrx_word' id='word_1_280' title='bbox 715 3732 754 3795; x_wconf 91' lang='lat' dir='ltr'>de</span> <span class='ocrx_word' id='word_1_281' title='bbox 784 3733 880 3796; x_wconf 91' lang='lat' dir='ltr'>armis</span> <span class='ocrx_word' id='word_1_282' title='bbox 908 3731 1118 3819; x_wconf 75' lang='lat' dir='ltr'>proferendis,</span> <span class='ocrx_word' id='word_1_283' title='bbox 1142 3732 1197 3794; x_wconf 91' lang='lat' dir='ltr'>sed</span> <span class='ocrx_word' id='word_1_284' title='bbox 1220 3731 1260 3793; x_wconf 91' lang='lat' dir='ltr'>de</span> <span class='ocrx_word' id='word_1_285' title='bbox 1284 3730 1349 3794; x_wconf 89' lang='lat' dir='ltr'>suis</span> 
     </span>
     <span class='ocr_line' id='line_1_34' title="bbox 108 3830 1349 3918; baseline -0.002 -24"><span class='ocrx_word' id='word_1_286' title='bbox 108 3830 315 3897; x_wconf 82' lang='lat' dir='ltr'>defendendis</span> <span class='ocrx_word' id='word_1_287' title='bbox 339 3831 494 3896; x_wconf 85' lang='lat' dir='ltr'>sollicitos</span> <span class='ocrx_word' id='word_1_288' title='bbox 518 3832 715 3911; x_wconf 83' lang='lat' dir='ltr'>tenebinrua3</span> <span class='ocrx_word' id='word_1_289' title='bbox 739 3832 935 3918; x_wconf 87' lang='lat' dir='ltr'>habebitque</span> <span class='ocrx_word' id='word_1_290' title='bbox 955 3832 1235 3918; x_wconf 84' lang='lat' dir='ltr'>Brandoburgicus</span> <span class='ocrx_word' id='word_1_291' title='bbox 1252 3831 1299 3894; x_wconf 90' lang='lat' dir='ltr'>sui</span> <span class='ocrx_word' id='word_1_292' title='bbox 1315 3832 1349 3893; x_wconf 91' lang='lat' dir='ltr'>in</span> 
     </span>
     <span class='ocr_line' id='line_1_35' title="bbox 34 3931 898 4019; baseline 0.007 -30"><span class='ocrx_word' id='word_1_293' title='bbox 34 3976 35 3989; x_wconf 53' lang='lat'>2</span> <span class='ocrx_word' id='word_1_294' title='bbox 112 3931 292 3997; x_wconf 86' lang='lat' dir='ltr'>Pomerania</span> <span class='ocrx_word' id='word_1_295' title='bbox 313 3933 499 3998; x_wconf 87' lang='lat' dir='ltr'>stabiliendi</span> <span class='ocrx_word' id='word_1_296' title='bbox 522 3934 678 4019; x_wconf 87' lang='lat' dir='ltr'>optimam</span> <span class='ocrx_word' id='word_1_297' title='bbox 701 3934 898 3998; x_wconf 85' lang='lat' dir='ltr'>facultatem.</span> 
     </span>
    </p>

    <p class='ocr_par' dir='ltr' id='par_1_5' title="bbox 110 4031 1351 4726">
     <span class='ocr_line' id='line_1_36' title="bbox 187 4031 1350 4109; baseline -0.004 -10"><span class='ocrx_word' id='word_1_298' title='bbox 187 4034 265 4099; x_wconf 81' lang='lat' dir='ltr'>Haec</span> <span class='ocrx_word' id='word_1_299' title='bbox 299 4046 426 4097; x_wconf 86' lang='lat' dir='ltr'>tanturn</span> <span class='ocrx_word' id='word_1_300' title='bbox 459 4034 492 4097; x_wconf 94' lang='lat' dir='ltr'>in</span> <span class='ocrx_word' id='word_1_301' title='bbox 527 4034 714 4098; x_wconf 87' lang='lat' dir='ltr'>memoriam</span> <span class='ocrx_word' id='word_1_302' title='bbox 747 4033 807 4099; x_wconf 90' lang='lat' dir='ltr'>tibi</span> <span class='ocrx_word' id='word_1_303' title='bbox 840 4057 952 4098; x_wconf 81' lang='lat' dir='ltr'>vocare</span> <span class='ocrx_word' id='word_1_304' title='bbox 984 4033 1083 4109; x_wconf 80' lang='lat' dir='ltr'>volui,</span> <span class='ocrx_word' id='word_1_305' title='bbox 1111 4046 1147 4096; x_wconf 93' lang='lat' dir='ltr'>ut</span> <span class='ocrx_word' id='word_1_306' title='bbox 1174 4046 1206 4095; x_wconf 90' lang='lat' dir='ltr'>et</span> <span class='ocrx_word' id='word_1_307' title='bbox 1229 4031 1295 4094; x_wconf 86' lang='lat' dir='ltr'>haec</span> <span class='ocrx_word' id='word_1_308' title='bbox 1318 4046 1350 4094; x_wconf 90' lang='lat' dir='ltr'>et</span> 
     </span>
     <span class='ocr_line' id='line_1_37' title="bbox 111 4131 1350 4220; baseline -0.001 -24"><span class='ocrx_word' id='word_1_309' title='bbox 111 4133 169 4210; x_wconf 82' lang='lat' dir='ltr'>illa,</span> <span class='ocrx_word' id='word_1_310' title='bbox 201 4157 272 4220; x_wconf 88' lang='lat' dir='ltr'>quae</span> <span class='ocrx_word' id='word_1_311' title='bbox 307 4134 468 4219; x_wconf 85' lang='lat' dir='ltr'>prioribus</span> <span class='ocrx_word' id='word_1_312' title='bbox 502 4136 581 4198; x_wconf 90' lang='lat' dir='ltr'>meis</span> <span class='ocrx_word' id='word_1_313' title='bbox 614 4134 718 4199; x_wconf 92' lang='lat' dir='ltr'>literis</span> <span class='ocrx_word' id='word_1_314' title='bbox 740 4136 958 4211; x_wconf 88' lang='lat' dir='ltr'>continentur,</span> <span class='ocrx_word' id='word_1_315' title='bbox 981 4157 1039 4197; x_wconf 91' lang='lat' dir='ltr'>suo</span> <span class='ocrx_word' id='word_1_316' title='bbox 1062 4134 1132 4198; x_wconf 90' lang='lat' dir='ltr'>loeo</span> <span class='ocrx_word' id='word_1_317' title='bbox 1157 4131 1350 4207; x_wconf 90' lang='lat' dir='ltr'>memineris,</span> 
     </span>
     <span class='ocr_line' id='line_1_38' title="bbox 110 4233 1350 4319; baseline 0 -24"><span class='ocrx_word' id='word_1_318' title='bbox 110 4256 168 4298; x_wconf 90' lang='lat' dir='ltr'>non</span> <span class='ocrx_word' id='word_1_319' title='bbox 194 4251 230 4300; x_wconf 88' lang='lat' dir='ltr'>nt</span> <span class='ocrx_word' id='word_1_320' title='bbox 257 4249 377 4299; x_wconf 86' lang='lat' dir='ltr'>cuneta</span> <span class='ocrx_word' id='word_1_321' title='bbox 399 4234 679 4299; x_wconf 88' lang='lat' dir='ltr'>communicentur</span> <span class='ocrx_word' id='word_1_322' title='bbox 702 4235 782 4313; x_wconf 91' lang='lat' dir='ltr'>aliis,</span> <span class='ocrx_word' id='word_1_323' title='bbox 806 4260 841 4300; x_wconf 90' lang='lat' dir='ltr'>ao</span> <span class='ocrx_word' id='word_1_324' title='bbox 865 4237 891 4299; x_wconf 94' lang='lat' dir='ltr'>si</span> <span class='ocrx_word' id='word_1_325' title='bbox 916 4236 954 4300; x_wconf 88' lang='lat' dir='ltr'>ad</span> <span class='ocrx_word' id='word_1_326' title='bbox 978 4248 1010 4299; x_wconf 92' lang='lat' dir='ltr'>te</span> <span class='ocrx_word' id='word_1_327' title='bbox 1033 4247 1141 4299; x_wconf 89' lang='lat' dir='ltr'>essent</span> <span class='ocrx_word' id='word_1_328' title='bbox 1164 4233 1350 4319; x_wconf 88' lang='lat' dir='ltr'>perscripta,</span> 
     </span>
     <span class='ocr_line' id='line_1_39' title="bbox 113 4334 1351 4423; baseline 0 -26"><span class='ocrx_word' id='word_1_329' title='bbox 113 4335 279 4418; x_wconf 68' lang='lat' dir='ltr'>praesertim</span> <span class='ocrx_word' id='word_1_330' title='bbox 313 4336 363 4413; x_wconf 87' lang='lat' dir='ltr'>iis,</span> <span class='ocrx_word' id='word_1_331' title='bbox 399 4336 516 4422; x_wconf 91' lang='lat' dir='ltr'>quibus</span> <span class='ocrx_word' id='word_1_332' title='bbox 549 4336 610 4400; x_wconf 94' lang='lat' dir='ltr'>ista</span> <span class='ocrx_word' id='word_1_333' title='bbox 644 4335 814 4422; x_wconf 88' lang='lat' dir='ltr'>displicere</span> <span class='ocrx_word' id='word_1_334' title='bbox 841 4336 1015 4423; x_wconf 87' lang='lat' dir='ltr'>intelliges,</span> <span class='ocrx_word' id='word_1_335' title='bbox 1039 4334 1093 4399; x_wconf 91' lang='lat' dir='ltr'>sed</span> <span class='ocrx_word' id='word_1_336' title='bbox 1117 4348 1154 4397; x_wconf 90' lang='lat' dir='ltr'>ut</span> <span class='ocrx_word' id='word_1_337' title='bbox 1177 4355 1351 4420; x_wconf 80' lang='lat' dir='ltr'>cognoscas</span> 
     </span>
     <span class='ocr_line' id='line_1_40' title="bbox 112 4435 1351 4521; baseline -0.001 -22"><span class='ocrx_word' id='word_1_338' title='bbox 112 4437 242 4502; x_wconf 85' lang='lat' dir='ltr'>rationes</span> <span class='ocrx_word' id='word_1_339' title='bbox 275 4460 383 4501; x_wconf 88' lang='lat' dir='ltr'>rernm</span> <span class='ocrx_word' id='word_1_340' title='bbox 409 4449 589 4501; x_wconf 89' lang='lat' dir='ltr'>nostrarum</span> <span class='ocrx_word' id='word_1_341' title='bbox 616 4450 649 4500; x_wconf 89' lang='lat' dir='ltr'>et</span> <span class='ocrx_word' id='word_1_342' title='bbox 672 4460 726 4502; x_wconf 85' lang='lat' dir='ltr'>ees</span> <span class='ocrx_word' id='word_1_343' title='bbox 748 4460 822 4501; x_wconf 90' lang='lat' dir='ltr'>cnm</span> <span class='ocrx_word' id='word_1_344' title='bbox 845 4436 1070 4500; x_wconf 88' lang='lat' dir='ltr'>communibus</span> <span class='ocrx_word' id='word_1_345' title='bbox 1093 4436 1139 4499; x_wconf 88' lang='lat' dir='ltr'>ita</span> <span class='ocrx_word' id='word_1_346' title='bbox 1162 4435 1351 4521; x_wconf 87' lang='lat' dir='ltr'>coniungas,</span> 
     </span>
     <span class='ocr_line' id='line_1_41' title="bbox 112 4534 1351 4625; baseline -0.001 -26"><span class='ocrx_word' id='word_1_347' title='bbox 112 4559 171 4621; x_wconf 88' lang='lat' dir='ltr'>qno</span> <span class='ocrx_word' id='word_1_348' title='bbox 202 4550 345 4625; x_wconf 86' lang='lat' dir='ltr'>ntraeque</span> <span class='ocrx_word' id='word_1_349' title='bbox 372 4538 479 4602; x_wconf 83' lang='lat' dir='ltr'>illaesae</span> <span class='ocrx_word' id='word_1_350' title='bbox 507 4552 667 4613; x_wconf 87' lang='lat' dir='ltr'>maneant,</span> <span class='ocrx_word' id='word_1_351' title='bbox 695 4560 792 4623; x_wconf 90' lang='lat' dir='ltr'>seque</span> <span class='ocrx_word' id='word_1_352' title='bbox 815 4550 927 4601; x_wconf 89' lang='lat' dir='ltr'>mutuo</span> <span class='ocrx_word' id='word_1_353' title='bbox 952 4549 1162 4622; x_wconf 88' lang='lat' dir='ltr'>promoveant</span> <span class='ocrx_word' id='word_1_354' title='bbox 1184 4534 1291 4621; x_wconf 92' lang='lat' dir='ltr'>potius</span> <span class='ocrx_word' id='word_1_355' title='bbox 1314 4558 1351 4598; x_wconf 88' lang='lat' dir='ltr'>ae</span> 
     </span>
     <span class='ocr_line' id='line_1_42' title="bbox 114 4636 1351 4726; baseline -0.001 -26"><span class='ocrx_word' id='word_1_356' title='bbox 114 4637 282 4724; x_wconf 88' lang='lat' dir='ltr'>impellant,</span> <span class='ocrx_word' id='word_1_357' title='bbox 316 4661 414 4726; x_wconf 88' lang='lat' dir='ltr'>quam</span> <span class='ocrx_word' id='word_1_358' title='bbox 447 4652 658 4703; x_wconf 88' lang='lat' dir='ltr'>remorentur.</span> <span class='ocrx_word' id='word_1_359' title='bbox 708 4638 786 4717; x_wconf 82' lang='lat' dir='ltr'>Quae</span> <span class='ocrx_word' id='word_1_360' title='bbox 814 4660 889 4702; x_wconf 85' lang='lat' dir='ltr'>vero</span> <span class='ocrx_word' id='word_1_361' title='bbox 911 4636 1112 4702; x_wconf 88' lang='lat' dir='ltr'>intellexeris</span> <span class='ocrx_word' id='word_1_362' title='bbox 1134 4637 1261 4722; x_wconf 83' lang='lat' dir='ltr'>ingrata</span> <span class='ocrx_word' id='word_1_363' title='bbox 1283 4658 1351 4700; x_wconf 86' lang='lat' dir='ltr'>essa</span> 
     </span>
    </p>
   </div>
   <div class='ocr_carea' id='block_1_3' title="bbox 0 0 1674 5362">
    <p class='ocr_par' dir='ltr' id='par_1_6' title="bbox 0 0 1674 5362">
     <span class='ocr_line' id='line_1_43' title="bbox 0 0 1674 5362; baseline 0 0"><span class='ocrx_word' id='word_1_364' title='bbox 0 0 1674 5362; x_wconf 95' lang='lat' dir='ltr'> </span> 
     </span>
    </p>
   </div>
  </div>
 </body>
</html>
