3314 5362
1228 450 1288 511 127

166 617 213 681 Ns
236 630 349 681 tamen
372 640 479 683 rerum
502 616 774 702 consiliorumque
798 616 829 679 S.
853 615 890 679 R.
916 615 1013 688 Meis,
1037 616 1159 681 domini
1183 617 1245 680 rnei
1268 616 1331 681 ole-

18 752 20 769 ·
93 719 286 795 montissimi‚
320 718 393 782 Rex
425 730 501 782 tuus
532 717 629 805 plone
662 717 794 804 ignotus
827 717 879 793 sit,
906 718 1056 803 spetiem,
1083 740 1179 803 quem
1202 739 1331 802 possum

94 818 284 895 brevissime,
308 832 342 883 et
364 830 482 882 ststum
503 839 610 881 rerum
626 830 816 894 nostrorum,
832 832 865 881 et
879 840 950 903 quae
966 817 1006 881 sd
1022 817 1090 882 haeo
1106 816 1332 903 amplectendo

94 920 217 984 oonsilio
251 920 282 983 S.
315 919 353 983 R.
382 918 494 983 Mztem
516 918 703 1004 cumprimis
724 918 892 1004 impulere,
915 919 1057 982 maxime
1079 941 1152 982 eum
1174 918 1244 1005 ipse
1266 941 1330 982 non

94 1019 259 1085 difficulter
285 1021 453 1106 adsequar,
479 1020 514 1083 in
540 1019 695 1083 iuvidism
717 1020 828 1084 roesri
849 1018 937 1083 fsots
960 1018 1058 1106 Regis
1081 1019 1154 1095 mei,
1178 1032 1273 1104 utque
1296 1018 1331 1082 id

96 1122 128 1183 ‘s
150 1122 238 1208 Rege
261 1120 394 1184 Dsuioe'
407 1121 436 1202 ¹)
462 1134 577 1207 praet-er
598 1134 721 1186 eeteros
743 1120 783 1184 sd
807 1142 881 1184 eum
904 1120 1035 1183 modum
1058 1119 1215 1205 explicari
1237 1120 1331 1183 iutel-

96 1220 183 1307 ligsm
207 1244 250 1285 ex
271 1221 376 1285 literis
398 1221 464 1285 tuis
487 1222 525 1285 od
548 1244 600 1285 me
623 1221 707 1285 dotis
729 1222 782 1286 dis
802 1224 884 1306 stet
899 1224 932 1306 fl}
946 1219 1040 1285 Junii
1057 1233 1153 1306 utque
1169 1220 1331 1285 sdiuuotis

95 1321 336 1405 documentis2).

169 1422 273 1487 Nemo
307 1423 452 1486 omnium
486 1436 544 1498 est,
577 1423 634 1509 qui
666 1435 698 1486 to
726 1422 843 1487 melius
868 1421 969 1496 novit,
991 1445 1061 1508 quae
1081 1422 1166 1486 iuter
1188 1422 1330 1509 *Regem

97 1546 203 1594 meum.
237 1522 422 1600 Britanniae,
454 1524 567 1587 tuum*
605 1536 638 1587 et
671 1522 874 1587 *Electorem
909 1522 1226 1609 Brundeburgirum*
1259 1536 1332 1586 sote

96 1623 220 1687 consilis
241 1625 307 1688 sint
329 1624 369 1687 do
391 1624 591 1689 restituendo
615 1646 648 1687 re
670 1623 833 1688 communi
856 1646 892 1687 sc
915 1623 1013 1709 Regis
1035 1624 1100 1701 tui3
1123 1623 1209 1687 unde
1225 1646 1332 1710 sump-

18 1778 20 1801 ,
97 1725 186 1788 serint
216 1725 324 1800 initis3
358 1747 438 1811 quos
471 1724 642 1788 habuerint
675 1743 876 1811 progressum
909 1723 1094 1810 quibusque
1126 1725 1239 1788 innixo
1267 1725 1333 1789 sint

96 1824 320 1902 fundamentis3
358 1825 485 1910 quoties
521 1836 659 1903 mutsto3
701 1825 817 1910 quibus
854 1824 1063 1888 'authoribus
1099 1825 1258 1901 turbsts*,
1294 1848 1331 1889 oc

97 1926 215 1990 tundem
248 1925 283 1988 in
313 1925 448 2012 longum
476 1924 587 2011 reique
608 1926 757 2011 gerendas
779 1924 928 2010 iniquum
950 1938 1078 2011 tempus
1101 1937 1272 2011 protracto,
1294 1940 1332 1990 ut

18 2072 19 2081 ,
97 2024 231 2112 ineptum
266 2027 318 2102 sit,
345 2049 384 2090 eo
407 2026 490 2090 velle
510 2027 609 2089 toties
631 2027 809 2113 perscripto
829 2038 987 2110 repetere.
1032 2025 1123 2090 Serio
1146 2050 1181 2090 so
1204 2049 1331 2090 summo

18 2166 20 2189 t
99 2125 194 2190 studio
227 2127 258 2190 S.
289 2127 327 2190 R.
356 2127 450 2191 Mztss
474 2126 691 2213 cogitationes
713 2148 787 2189 suas
809 2148 846 2189 so
869 2126 1005 2190 consilis
1026 2127 1135 2190 omnis
1157 2149 1195 2191 eo
1217 2140 1332 2191 eontu-

18 2238 19 2287 ξ
99 2224 178 2303 leret,
208 2241 247 2290 ut
279 2249 349 2312 quae
381 2227 452 2312 ipsu
484 2227 683 2313 promiserat,
717 2248 846 2312 operum
874 2227 1027 2291 videlieet
1049 2250 1139 2291 susm
1162 2242 1195 2292 et
1217 2227 1331 2291 militis

18 2332 19 2335 ’
100 2340 337 2413 sumptuumque
369 2327 498 2392 tertiam
525 2341 660 2414 partem,
686 2339 795 2409 persto
818 2327 964 2407 hsberet3
986 2351 1122 2414 cumque
1143 2327 1238 2393 initio
1261 2351 1332 2412 pro·

100 2427 206 2511 positus
238 2452 258 2492 s
289 2451 325 2491 se
357 2429 505 2514 gerendus
537 2428 585 2493 rei
617 2427 755 2492 rstioues
781 2450 846 2491 non
866 2427 1038 2514 displicere
1060 2429 1114 2493 rel
1137 2430 1241 2517 *Regi
1264 2430 1332 2494 Bri-

101 2529 224 2592 unniae·
265 2529 320 2593 vol
362 2528 647 2616 *Brendeburgioo
683 2528 846 2593 Electori*
885 2529 938 2593 vel
974 2528 1130 2594 defuneto
1168 2530 1332 2617 'Principi
1367 2587 1370 2593 .

18 2712 19 2715 Ἴ
102 2630 246 2694 Aureioo'
264 2646 299 2695 et
314 2628 510 2693 *Ordinibus
526 2630 699 2717 Belgicis',
714 2629 835 2716 cupido
850 2652 929 2694 vero
945 2630 1052 2694 suimo
1069 2631 1172 2716 sooipi
1189 2655 1206 2695 s
1222 2632 1332 2718 *Rege

18 2726 20 2751 '
102 2727 269 2794 Bohemiae'
305 2730 578 2807 animadverterit,
610 2732 669 2795 rix
701 2730 873 2807 dubitavit,
902 2732 981 2818 quiu
1008 2731 1145 2818 negocio
1168 2733 1332 2796 communi

100 2830 157 2893 fsto
184 2832 323 2916 quodam
345 2831 558 2895 immiscendo
579 2832 674 2905 foret,
697 2854 770 2895 oum
794 2845 858 2896 tum
882 2844 1045 2917 promptus
1068 2833 1212 2896 omnium
1237 2848 1332 2918 etque

100 2953 194 2994 sorum
227 2932 387 3018 inprimis,
421 2932 537 3018 quibus
565 2931 746 2996 confidebat
767 2946 801 2996 et
823 2954 903 3018 quos
925 2933 1048 3018 sliquid
1072 2956 1164 3018 posse
1187 2947 1331 3011 noverat,

99 3031 270 3097 voluntstes
304 3034 447 3097 sentiret.
502 3033 595 3096 Nihil
628 3033 785 3111 obstabat,
817 3033 880 3097 uisi
914 3033 1058 3097 *invidis
1092 3034 1207 3108 Dani*,
1235 3057 1331 3119 quem

100 3132 217 3217 quidem
251 3133 446 3198 verebamur
471 3133 523 3197 vel
552 3146 619 3197 srto
647 3132 867 3197 discussurum
891 3133 957 3197 haeo
978 3134 1123 3207 consilis,
1146 3134 1199 3198 vel
1222 3149 1331 3220 operte

99 3254 127 3296 se
156 3235 393 3321 oppositurum.
447 3236 564 3299 Cetera
593 3233 826 3319 impedimento
851 3235 920 3297 eius
947 3249 1039 3299 orout
1059 3235 1196 3319 generis,
1220 3249 1257 3298 ut
1282 3236 1332 3299 vel

18 3362 20 3417 g
100 3336 309 3415 persuadendo
332 3335 385 3400 rel
407 3335 563 3399 mediocri
584 3334 729 3400 adhibito
749 3336 783 3398 ri
807 3335 923 3420 corrigi
944 3357 1037 3420 posse
1057 3335 1252 3399 viderentur.
1285 3340 1333 3400 At

18 3450 20 3471 s
101 3456 162 3497 rum
187 3459 310 3512 eorum,
339 3436 394 3522 qui
421 3435 503 3499 hono
528 3435 706 3522 probsbsut
733 3433 1085 3512 *oonfaederstiouem',
1108 3458 1225 3522 magus
1248 3451 1332 3501 esset

18 3586 19 3593 ,
103 3537 174 3619 sputi
196 3537 367 3601 ’Donum'
390 3536 575 3614 authoritas,
599 3558 673 3621 spes
695 3559 752 3600 nos
775 3536 891 3613 tenuit,
908 3535 1001 3599 illum
1017 3535 1134 3600 horum
1150 3534 1332 3601 hortatibus

103 3656 250 3701 sessurum
285 3649 318 3701 et
348 3637 500 3722 perieulis
527 3660 592 3701 non
617 3636 759 3701 omnium
783 3638 889 3713 modo,
912 3638 967 3701 sed
990 3649 1024 3701 et
1046 3638 1112 3701 suis
1134 3651 1257 3701 motum
1281 3639 1331 3702 iri.

174 3737 314 3824 Ideoque
352 3751 389 3801 ut
424 3752 559 3825 utroque
597 3738 670 3802 ‘vis
702 3736 961 3825 progrediendi',
997 3760 1060 3802 nou
1093 3761 1150 3825 per
1184 3739 1333 3803 *Germe-

105 3835 194 3901 uism'
221 3852 350 3903 tentum
376 3838 411 3902 in
439 3839 709 3913 *Polatinstum*,
732 3838 787 3903 sed
810 3852 843 3902 et
865 3862 923 3923 per
946 3838 1151 3903 *Polonism'
1174 3838 1209 3903 in
1233 3838 1332 3903 *Sile-

106 3934 200 4016 sism',
232 3939 293 4004 sibi
327 3952 464 4027 poteret,
490 3941 663 4026 presertim
690 3939 718 4004 si
740 3938 821 4003 illud
844 3938 908 4003 iter
931 3937 1175 4004 *Germanicum
1200 3939 1330 4003 Dauus*

107 4038 290 4055 §.—

176 4074 194 4135 ¹)
211 4079 303 4129 Orden
322 4078 396 4128 inom
413 4079 563 4129 osterlsksr
579 4080 590 4128 1
608 4080 757 4141 originales
775 4078 838 4128 med
858 4079 964 4128 ohifier.

175 4157 319 4226 'tsjslrvs
337 4162 453 4212 breivsn
470 4166 518 4211 sro
535 4162 645 4226 trycktu
668 4162 718 4211 hos
741 4159 987 4225 Schybsrgsou,
1010 4161 1132 4226 Ssors‘qrss
1153 4176 1174 4210 o.
1200 4159 1333 4211 Hellamds

109 4239 164 4306 dipl.
181 4242 310 4306 ΜΝ,
332 4245 385 4295 sid.
408 4248 555 4303 tut-2463
581 4247 733 4310 blisgoros,
752 4247 835 4297 strui.
853 4247 913 4297 dols
931 4250 974 4296 ott
990 4247 1095 4296 retent
1112 4246 1142 4295 ut
1159 4244 1332 4309 Vosbergsns

108 4322 159 4375 bru
177 4329 219 4379 tul
241 4330 488 4381 Gsusrslststsrus
513 4345 557 4379 om
583 4331 627 4380 stu
652 4331 743 4381 torsts
765 4331 880 4380 audieus
899 4331 947 4380 bos
966 4331 1116 4393 kouuugsn
1133 4330 1165 4379 si
1182 4330 1332 4391 Duumsrk,

108 4405 198 4461 hulkes
214 4417 246 4462 tr
262 4413 359 4477 tryokt
376 4415 385 4463 i
407 4414 525 4464 Vsrbaal
540 4429 594 4463 oau
612 4415 645 4464 ds
663 4414 830 4465 Amsanctus
848 4429 900 4464 sau
919 4413 1028 4479 Oaspar
1043 4428 1096 4463 sas
1111 4414 1267 4478 Verborpsn,
1280 4415 1331 4465 sid.

109 4492 134 4539 25
154 4495 187 4556 u,
212 4497 270 4547 dels
297 4513 334 4548 sn
359 4498 442 4562 kopts
465 4499 495 4547 st
512 4502 553 4549 ett
571 4499 681 4564 kouung
699 4499 869 4563 sigismundo
887 4498 949 4547 brot
967 4499 996 4547 si
1013 4497 1040 4546 d.
1059 4502 1091 4546 26
1110 4500 1189 4561 April
1207 4499 1252 4547 till
1271 4499 1333 4547 kur·

110 4574 197 4628 buten
215 4582 244 4631 ss
258 4582 468 4647 Brundeuburg,
485 4583 573 4632 finnus
590 4582 663 4631 bodo
679 4582 689 4631 i
702 4581 816 4632 Oxsnst.
829 4585 914 4639 ssml,
928 4583 982 4632 deu
994 4584 1070 4632 f'o'rrs
1082 4583 1170 4632 brand
1183 4582 1332 4632 eameram

111 4656 167 4721 bret,
182 4664 233 4715 don
250 4680 347 4716 ssusre
366 4665 452 4716 bland
470 4666 570 4717 Hsudl.
589 4680 648 4730 sug.
668 4667 809 4730 Tysklsud
829 4670 902 4715 1625.
