3314 5362
368 482 428 547 152

324 664 361 715 tu
394 652 508 716 tusend
543 651 630 716 dsler
661 651 712 715 till
746 649 865 738 Kongl.
900 650 978 714 Mztz
1004 650 1122 727 behoff,
1151 673 1255 715 sosom
1274 652 1333 739 jeg
1354 652 1427 717 iolre
1450 663 1579 717 riittere

325 765 423 828 veens,
447 753 509 817 ohn
532 765 579 815 ott
604 750 665 814 hen
688 750 800 815 hofver
822 750 895 815 dem
919 751 1040 815 hender
1062 752 1210 830 omellnn,
1234 752 1294 816 ooh
1319 754 1461 838 begorer,
1487 753 1576 817 ott}

326 853 398 919 dem
427 853 493 939 mig
519 853 658 939 quittere
685 851 767 916 vele.
811 851 915 916 Eliest
938 858 972 915 ss
995 851 1052 915 iihr
1073 852 1134 916 och
1157 854 1206 917 aff
1222 853 1339 929 uedeo,
1361 867 1409 917 stt
1431 853 1447 916 Ι
1471 854 1579 918 sendu-

324 953 401 1039 hiju
434 955 506 1019 med
540 954 641 1017 sorem
667 940 781 1039 nugott
806 953 892 1018 soltt.
936 952 1023 1017 Eder
1045 951 1139 1017 Gudh
1164 954 1358 1018 befulendes.
1403 954 1466 1018 Aff
1485 954 1579 1018 felu-

325 1055 453 1142 logredt
474 1054 576 1119 under
599 1054 714 1118 Birzen
738 1054 798 1118 den
823 1056 863 1117 24
887 1051 1058 1139 Aug[usti]
1080 1057 1177 1117 Anno
1200 1055 1292 1119 1625.

526 1189 564 1253 E.
588 1189 625 1252 G.
653 1188 690 1252 V.

1054 1287 1155 1351 Axell
1178 1287 1395 1352 Oxenstiernu
1417 1312 1485 1375 mp.

409 1443 605 1508 Egenhfsndigt
624 1444 740 1506 original
760 1444 769 1491 ί
788 1442 893 1506 Upsala
910 1442 1094 1493 Universltets
1114 1444 1193 1503 Bibu,
1211 1445 1250 1493 W.
1269 1448 1326 1493 841.

845 1646 906 1652 ......
915 1646 957 1651 -—
966 1646 1043 1653 ..-.—...

324 1901 372 1957 7¹1.
417 1900 486 1956 'l'ill
508 1901 539 1956 J.
562 1899 709 1956 Skumin
732 1898 963 1956 'l'isnlriewiom

874 2001 997 2068 narres
1020 2000 1076 2056 vid
1097 2000 1219 2058 Birsen
1241 2001 1275 2057 d.
1297 2004 1342 2057 29
1364 2003 1454 2072 Aug.
1478 2005 1579 2061 1625*

325 2218 391 2268 Svar
417 2218 453 2281 po
479 2216 548 2265 huns
575 2215 681 2279 triplik.
727 2214 836 2263 Birsens
858 2215 981 2278 erofrlng
997 2215 1118 2277 befognd
1137 2215 1187 2263 oeh
1206 2218 1278 2265 lutet
1295 2216 1396 2266 hinder
1413 2219 1460 2267 for
1477 2217 1581 2279 leiden

409 2303 478 2351 eller
504 2301 549 2349 for
575 2298 909 2361 sredsforhandungarna.
955 2297 1018 2347 Men
1042 2299 1132 2348 skulle
1154 2300 1260 2350 seduna
1278 2301 1395 2361 medes,
1413 2302 1505 2353 miste
1525 2303 1574 2352 det

409 2389 488 2433 snnrt
505 2387 586 2447 goras
604 2384 693 2432 alluat
711 2381 834 2442 (immod,
852 2388 882 2445 ty
900 2382 966 2432 flere
983 2383 1084 2432 teoken
1103 2384 1188 2445 tydde
1207 2384 1274 2447 eljes
1288 2384 1332 2447 pn,
1345 2388 1389 2434 att
1400 2387 1580 2449 polaokorne-

409 2469 491 2518 niven
514 2482 550 2517 nn
571 2467 646 2516 brou
663 2468 729 2515 ville
748 2467 834 2528 drago
852 2472 884 2516 nt
902 2466 938 2530 pn
956 2467 1043 2527 tldeu,
1061 2466 1114 2515 och
1132 2469 1298 2518 svensksrne
1315 2469 1410 2519 kunde
1429 2470 1456 2533 ej
1476 2472 1579 2533 lengro-

408 2566 474 2601 vara
491 2553 502 2600 1
519 2551 650 2600 ovisshet.

573 2680 712 2744 Illustris
735 2704 771 2744 eo
796 2680 970 2767 Magnifice
994 2680 1132 2745 Domine
1157 2680 1313 2745 Palatine.

409 2799 482 2864 Non
510 2820 563 2862 ero
590 2796 739 2884 lll[ust]ri
764 2820 800 2862 ao
824 2796 1032 2884 M[ugnifi]cae
1056 2796 1303 2884 D[ominet]ioni
1326 2814 1440 2864 vestrae
1463 2803 1571 2889 gravis

325 2900 546 2987 respondendo
580 2899 619 2963 ed
647 2898 756 2962 literas
784 2911 906 2961 vestras
919 2898 945 2979 ¹)
968 2912 1000 2961 et
1022 2898 1133 2962 eudem
1156 2900 1272 2984 saepius
1295 2902 1487 2985 repetend03
1511 2902 1572 2967 hoo

325 3024 425 3066 unum
444 3001 558 3065 saltem
576 2999 734 3075 adiiciam,
751 2998 1004 3086 oppugotionem
1022 2998 1182 3063 Birssrum
1198 3022 1257 3063 neo
1273 3002 1440 3066 securitati
1458 3018 1573 3068 vestroe

324 3126 383 3167 neo
418 3101 608 3165 tractatibus
641 3100 758 3163 nostris
793 3100 930 3164 officere.
986 3099 1118 3164 Etenim
1147 3099 1279 3176 bellum,
1303 3103 1388 3187 quod
1412 3103 1573 3169 haetenus

324 3205 486 3268 internos
508 3202 598 3266 nullu
620 3201 743 3265 ratione
767 3201 865 3285 sopiri
888 3200 1005 3286 potuit,
1029 3223 1068 3264 eo
1091 3201 1200 3286 adegit
1220 3224 1278 3265 nos
1300 3204 1514 3283 necessitatis,
1536 3218 1571 3268 ut

325 3304 535 3369 Lithuaniam
569 3302 634 3366 situ
667 3302 848 3388 proximum
879 3315 974 3387 etque
997 3301 1030 3365 in
1054 3301 1114 3365 hue
1138 3301 1243 3365 Birsus
1265 3324 1455 3389 oppugnare
1480 3327 1575 3391 opor·

324 3405 437 3469 tuerit:
471 3427 546 3468 cum
580 3417 688 3467 tamen
723 3425 809 3466 orme
841 3417 949 3465 nostru
977 3424 1136 3488 nusquam
1162 3402 1362 3479 illubeutius‚
1386 3427 1484 3490 quom
1508 3406 1573 3470 huo

325 3505 587 3569 converterimus.
642 3503 813 3567 Neminem
842 3525 917 3566 vero
943 3502 991 3566 ite
1012 3503 1160 3588 iniquum
1183 3504 1251 3567 fore
1274 3527 1438 3569 censorem
1463 3529 1571 3570 rerum

325 3620 485 3693 putemus,
518 3619 557 3668 ut
588 3628 652 3667 non
687 3603 862 3681 existimet,
897 3602 1044 3688 quumvis
1072 3603 1158 3666 bello
1181 3604 1347 3691 flagrante,
1372 3628 1438 3669 suae
1462 3607 1570 3694 potius

325 3706 497 3782 securitati,
532 3728 626 3791 quom
654 3705 795 3769 hostium
823 3703 998 3768 commodis
1027 3704 1194 3790 providere
1218 3705 1346 3784 debere;
1368 3706 1521 3793 ideoque,
1542 3708 1568 3771 si

325 3808 409 3872 hosti
439 3805 578 3870 nocendi
604 3804 746 3890 bellique
769 3804 801 3867 in
825 3804 950 3869 hostico
973 3804 1151 3869 collocandi
1174 3829 1268 3870 cause
1290 3806 1501 3872 Lithuaninm
1524 3809 1574 3872 in·

324 3907 426 3995 gressi
459 3928 578 3984 sumus,
613 3920 646 3968 et-
680 3905 784 3969 Birses
817 3905 850 3968 in
878 3919 1018 3969 nostram
1041 3906 1223 3992 redegimus
1247 3920 1451 3992 potestatem,
1474 3932 1569 3973 nemo

323 4010 356 4074 id
375 4010 449 4093 jure
472 4008 564 4071 nobis
587 4005 668 4069 vitio
692 4020 815 4070 vertere
839 4005 968 4091 poterit.
1008 4006 1116 4092 Ipsum
1133 4030 1263 4093 quoque
1277 4007 1468 4096 illust[rem]
1485 4009 1571 4094 prin·

325 4112 431 4196 cipem
465 4108 673 4173 Rutzivilium
708 4130 745 4170 ea
778 4106 840 4170 fide
875 4121 908 4172 et
934 4108 1121 4195 integritate
1148 4130 1215 4172 esse
1239 4108 1397 4185 novimus,
1422 4125 1468 4186 ut,
1492 4110 1569 4174 licet

325 4211 467 4274 animum
501 4234 518 4274 a
550 4231 629 4295 puoe
663 4208 803 4273 alienum
832 4231 995 4294 nunquam
1022 4231 1085 4294 prae
1113 4232 1147 4273 se
1170 4208 1292 4285 tulerit,
1315 4209 1437 4294 primus
1460 4225 1569 4274 tumen

325 4313 358 4375 in
382 4312 450 4375 noie
474 4311 643 4374 adversum
666 4332 724 4372 nos
746 4309 874 4372 futurus
897 4309 949 4383 sit,
969 4309 1053 4372 unde
1075 4333 1139 4372 non
1154 4309 1315 4373 immerito
1332 4312 1569 4374 munimentum

325 4411 439 4487 isthoc,
473 4433 515 4474 ex
544 4433 606 4494 quo
634 4409 726 4473 nobis
749 4423 915 4496 tantopere
939 4410 1046 4474 noceri
1070 4422 1205 4494 poteret,
1228 4411 1289 4474 reti
1312 4433 1421 4475 sumus
1445 4435 1569 4498 expug-

411 4613 430 4669 ¹)
452 4616 489 4664 Ar
512 4616 538 4664 d.
563 4619 576 4662 2
600 4616 673 4679 Sept.
697 4630 722 4663 n.
745 4622 779 4664 st.
800 4619 873 4675 1625,
893 4616 987 4679 tryekt
1005 4620 1129 4665 nurmest
1147 4617 1207 4665 fore
1225 4616 1304 4666 detta
1323 4617 1408 4667 bland
1426 4618 1460 4666 de
1482 4618 1569 4666 »Aeta

325 4699 347 4765 l}
367 4702 495 4760 Litore»,
513 4699 614 4748 hvnrur
632 4700 712 4748 detta
730 4704 761 4748 fur
779 4700 914 4748 h'umtedt.
