3248 5328
260 697 333 754 104.
376 697 446 753 ¹1¹111
468 697 695 754 wenceslaus
716 696 954 767 Lesroaynslrt.

823 797 947 867 narret
967 797 1024 853 vtd
1044 797 1155 854 lewe
1176 798 1211 853 d.
1233 798 1275 853 25
1297 798 1390 867 sept.
1412 799 1521 854 1620.

262 1014 313 1062 Om
339 1013 504 1075 flugabytm
531 1011 726 1063 tlllbakarisar
747 1011 887 1074 klagomal
909 1012 986 1062 biver
1002 1012 1101 1075 krlgst,
1119 1016 1150 1075 ty
1167 1011 1210 1061 till
1231 1012 1309 1062 detta
1327 1012 1397 1062 bure
1415 1015 1521 1077 polae·

345 1098 431 1147 karos
450 1110 590 1146 eusamma
608 1097 738 1153 chaldam
757 1096 925 1146 srenskaroe
943 1095 1037 1146 stredo
1054 1095 1129 1146 blott
1146 1097 1190 1145 tor
1207 1100 1250 1146 att
1266 1096 1297 1146 ta
1309 1096 1380 1157 lrsd,
1392 1096 1517 1147 hvarom

346 1181 381 1230 de
408 1181 492 1230 ttfvsn
518 1195 556 1231 nu
578 1194 642 1231 vore
660 1179 785 1230 beredda
802 1183 847 1229 att
863 1179 1068 1237 anderbandla3
1091 1179 1126 1230 ds
1143 1179 1217 1230 bada
1234 1180 1429 1244 tonsarum
1449 1186 1521 1232 nar·

345 1279 410 1315 varo
428 1244 526 1329 giordb
543 1264 714 1329 tldpankten
731 1264 854 1328 lampllg.

617 1426 759 1492 Illustris
783 1427 919 1492 Domine
942 1425 1149 1493 Cancellarie.

346 1544 439 1626 Quod
462 1544 603 1609 Illustris
625 1540 843 1632 D[ominatio]
865 1543 998 1631 v[est]ra
1019 1545 1147 1631 privato
1162 1545 1279 1632 cuique
1295 1546 1426 1633 captivo
1443 1570 1514 1612 non

262 1659 357 1728 putat
378 1646 614 1734 denegandum,
639 1660 676 1711 ut
697 1646 879 1733 paciscatur
900 1645 939 1709 de
962 1645 1151 1711 liberatione
1174 1668 1240 1724 sua,
1262 1646 1297 1710 id
1319 1646 1366 1711 ita
1388 1647 1513 1735 accipi·

262 1769 342 1825 mus,
376 1769 412 1811 ac
445 1747 472 1810 si
505 1746 639 1833 perinde
665 1759 761 1823 esset,
785 1769 822 1811 ac
843 1769 902 1811 suo
925 1745 1062 1832 quisque
1084 1747 1225 1823 nomine,
1247 1769 1288 1812 an
1311 1746 1444 1833 publico
1466 1749 1513 1814 de

261 1847 454 1913 nostratium
487 1846 698 1913 eliberatione
731 1846 973 1933 paciscersmus.
1028 1846 1061 1911 Is
1094 1847 1181 1912 enim
1215 1861 1264 1914 est
1293 1847 1324 1912 S.
1352 1848 1389 1913 R.
1417 1848 1512 1913 Mztis

261 1948 384 2014 domini
416 1947 481 2013 mei
514 1947 757 2013 clementissimi
782 1948 817 2012 in
844 1970 938 2012 suum
963 1946 1102 2012 militem
1125 1949 1223 2013 etiam
1245 1947 1409 2013 vilissima
1431 1973 1513 2015 eon·

262 2048 394 2114 ditionis
419 2048 566 2128 affectus,
588 2062 625 2113 ut
647 2049 703 2135 qui
724 2048 854 2114 fortiter
874 2049 1051 2136 pugnando
1073 2048 1108 2112 in
1129 2071 1201 2113 eam
1222 2063 1342 2116 sortem
1361 2051 1513 2127 devenit,

100 2156 103 2167 '
152 2196 166 2211 .
262 2150 381 2215 sentiat
402 2172 436 2215 se
458 2173 523 2215 non
545 2149 741 2237 neglectum.
785 2148 868 2214 Cum
889 2148 991 2238 igitur
1013 2148 1143 2236 quidam
1164 2150 1355 2215 nostratium
1370 2150 1405 2214 in
1420 2150 1511 2217 bello

262 2250 422 2315 Livonieo
456 2265 490 2316 et
521 2251 575 2315 hic
607 2249 696 2337 capti
723 2264 903 2327 teneantur,
930 2273 1045 2338 urgere
1067 2248 1130 2315 boc
1152 2251 1320 2337 negotium
1343 2251 1429 2337 apud
1453 2252 1510 2317 Ill.

262 2351 400 2415 D=onem
433 2373 533 2417 utram
566 2351 647 2416 mihi
681 2351 785 2416 visum
818 2365 877 2429 est,
910 2372 975 2437 quo
1004 2351 1144 2417 rationes
1167 2352 1260 2416 nobis
1281 2352 1425 2429 adantum,
1449 2376 1511 2439 per

263 2473 342 2539 quas
363 2452 417 2517 vel
439 2453 502 2539 ipsi
524 2476 568 2530 se,
591 2451 643 2516 vel
664 2474 723 2517 nos
743 2451 817 2516 illos
839 2453 1007 2517 restituere
1030 2453 1198 2538 possimus.
1237 2451 1320 2517 Sunt
1341 2453 1428 2540 apud
1447 2476 1510 2519 nos

263 2566 417 2618 ventretea
451 2553 583 2640 plurimi
617 2552 738 2618 ordinis
770 2564 804 2617 et
835 2551 1047 2618 ecclesiastici
1074 2567 1108 2618 et
1129 2552 1288 2629 militaris,
1310 2576 1447 2640 quorum
1468 2570 1511 2620 ut

264 2652 410 2740 plerique
443 2653 527 2730 uilis,
562 2654 608 2718 ita
640 2653 788 2717 nonnulli
822 2676 886 2717 non
913 2654 1119 2739 aspernandae
1142 2652 1346 2719 conditionis.
1391 2653 1425 2719 Si
1447 2677 1508 2720 vos

263 2754 427 2819 miseratio
458 2753 589 2819 illorum
621 2777 686 2819 non
715 2755 830 2840 tangit,
858 2769 956 2840 agant
977 2752 1041 2838 ipsi
1062 2766 1118 2819 aut
1139 2775 1229 2819 susm
1250 2767 1368 2820 sortem
1391 2755 1507 2821 ferant.

347 2855 480 2920 Nullam
505 2868 611 2920 autern
634 2855 797 2920 servitutis
819 2854 1045 2921 necessitatem
1067 2855 1101 2918 in
1122 2854 1227 2919 isthoc
1251 2854 1335 2920 bello
1357 2855 1408 2921 Ill.
1431 2856 1507 2921 Dzio

263 2978 330 3021 vzra
363 2956 519 3044 agnoscit,
552 2971 584 3021 et
617 2978 754 3043 regnum
787 2968 930 3021 vestrum
963 2978 1001 3020 ac
1031 2955 1230 3043 provinciam
1256 2956 1399 3041 quietam
1426 2957 1509 3022 citra

264 3080 358 3122 omne
377 3058 432 3141 jus
454 3071 487 3122 et
508 3057 692 3144 aequitatem
714 3056 845 3141 injustis
867 3057 962 3121 armis
985 3056 1145 3121 turbatam
1167 3070 1202 3122 et
1217 3070 1372 3121 vastatam
1389 3079 1426 3122 ac
1440 3080 1506 3123 non

263 3173 469 3244 postremam¹
490 3157 558 3223 eius
592 3171 715 3243 partem
748 3157 859 3244 inique
893 3169 1084 3244 occupatam
1110 3157 1272 3243 quaeritur.
1317 3157 1421 3223 Credo
1444 3181 1506 3246 prae

264 3258 384 3324 affectu
417 3273 450 3324 et
482 3258 591 3323 dolore
625 3258 803 3345 prudentiae
830 3280 866 3323 ac
889 3257 1009 3344 judicii
1036 3256 1136 3322 vestri
1157 3257 1259 3323 aciem
1281 3279 1345 3322 non
1367 3258 1450 3323 nihil
1470 3259 1504 3323 in

264 3360 324 3425 hoc
357 3381 452 3425 eausa
485 3358 694 3439 obfuscatam,
722 3358 807 3445 quod
834 3371 899 3423 tam
922 3356 1122 3424 confidenter
1144 3380 1302 3422 armorum
1326 3371 1504 3424 nostrorum

264 3458 470 3546 iniquitatem
504 3460 662 3525 adseritis.
717 3458 750 3523 Si
777 3458 863 3523 enim
891 3471 1017 3544 spectet
1043 3458 1095 3523 Ill.
1118 3458 1193 3523 D:io
1214 3480 1282 3523 vua
1303 3458 1384 3524 belli
1405 3462 1505 3526 nostri

263 3561 366 3637 initia,
400 3560 497 3647 primi
529 3561 621 3625 nobis
654 3582 741 3625 arma
767 3559 934 3637 intulistis,
957 3573 991 3624 et
1012 3581 1149 3645 regnum
1172 3558 1293 3623 Sueciae
1315 3560 1407 3625 vobis
1430 3562 1505 3625 ami·

264 3685 338 3726 cum
371 3684 431 3726 nee
463 3660 636 3748 quicquam
669 3661 745 3727 mali
778 3662 818 3726 de
848 3660 939 3725 vobis
967 3660 1118 3725 meritum
1140 3658 1303 3735 turbastis,
1326 3682 1364 3724 ac
1386 3682 1444 3725 nos
1465 3662 1503 3727 ad

264 3762 437 3828 tuitionem
467 3763 567 3827 nostri
602 3762 884 3849 ulciscendumque
912 3774 1077 3847 acceptam
1103 3759 1254 3824 iniuriam
1278 3782 1314 3825 ac
1335 3758 1505 3826 detrimen·

220 3922 224 3930 .
263 3878 334 3928 tum
367 3863 558 3949 impulistis,
591 3863 618 3926 si
645 3885 858 3951 progressum,
885 3860 1026 3926 oblatam
1052 3861 1148 3925 toties
1170 3861 1210 3926 de
1229 3861 1319 3945 justa
1341 3862 1503 3949 solidaque

265 3988 344 4050 pace
366 3963 594 4029 tractationem
616 3963 809 4049 repudiastis
833 3977 890 4028 aut
911 3961 1107 4039 declinastis,
1131 3985 1167 4026 ac
1191 3961 1318 4049 publice
1340 3962 1458 4028 famam
1472 3978 1504 4029 et

265 4064 539 4129 existimationem
561 4079 627 4129 tam
650 4064 681 4128 S.
703 4064 740 4128 R.
764 4063 852 4128 Mztis
874 4063 997 4129 domini
1019 4062 1131 4139 nostri,
1154 4085 1250 4149 quam
1269 4063 1378 4149 gentis
1394 4078 1503 4129 nostre

265 4166 334 4229 sine
356 4165 594 4231 intermissione
618 4165 821 4230 acerbissime
844 4165 1017 4241 lacerantis,
1037 4178 1074 4228 ut
1093 4163 1175 4228 ferre
1190 4164 1253 4228 ista
1266 4163 1503 4249 iniquissimum

265 4279 359 4331 esset.
414 4266 533 4331 Hostes
566 4266 668 4354 igitur
693 4288 767 4330 eum
789 4265 946 4331 haetenus
967 4265 1132 4342 fuerimus,
1156 4286 1192 4328 ac
1215 4287 1271 4351 per
1292 4287 1349 4328 vos
1372 4265 1503 4343 steterit,

266 4391 330 4453 quo
352 4367 458 4431 minus
480 4368 705 4432 controversie
727 4380 842 4430 nostrae
865 4366 991 4431 exitum
1016 4365 1203 4430 tractatibus
1225 4364 1370 4429 invenire
1394 4379 1502 4450 potue·

264 4480 349 4543 runt,
382 4469 468 4553 quod
502 4467 618 4531 mirum
653 4480 708 4531 aut
741 4489 811 4553 quae
836 4467 1001 4553 iniquitas,
1024 4466 1051 4530 si
1074 4466 1207 4530 consilia
1229 4478 1334 4531 vestra
1356 4465 1504 4531 turbandi

266 4568 359 4655 regni
381 4568 491 4647 nostri,
514 4566 657 4631 nondum
679 4581 805 4632 matura
827 4581 859 4631 et
880 4567 914 4631 in
937 4567 1170 4632 commodiores
1193 4566 1378 4632 occasiones
1399 4567 1503 4646 dilata,
