3264 5354
332 445 371 506 12

289 636 307 674 n
339 612 568 676 coniunctione
604 610 757 676 Polonica
789 611 972 676 abstrahere
995 628 1107 698 queat,
1130 612 1163 676 id
1185 627 1271 676 esset
1292 613 1468 677 admodum
1491 635 1539 676 ex

289 734 348 775 usn
372 712 517 776 omnium
539 711 821 799 Evangelicorurn,
842 727 877 777 et
899 711 984 777 haud
1005 712 1181 777 difficulter
1204 713 1324 799 Regem
1342 735 1451 777 meum
1469 712 1538 776 hnc

289 813 490 896 perduceret.
544 812 735 900 Interceptae
769 837 789 877 a
820 814 913 878 nobis
946 813 1091 900 quasdam
1124 813 1226 878 litere
1258 828 1344 888 sunt,
1368 813 1400 876 in
1428 813 1540 877 Dania

287 914 413 1000 soriptoe
436 937 473 977 ae
495 914 530 976 in
553 913 720 978 Poloniarn
744 916 857 991 misaae,
881 938 951 1001 quar
970 927 1130 978 testantur
1145 914 1322 979 alienatum
1338 913 1378 977 ab
1393 913 1539 978 amicitia

287 1028 397 1077 nostra
429 1014 528 1098 Regis
562 1015 673 1078 Daniae
701 1016 841 1079 animum
865 1038 903 1078 ae
926 1037 1122 1102 propensum
1143 1014 1185 1079 ad
1205 1015 1308 1080 saedns
1332 1014 1537 1079 Polonionm.

287 1114 406 1179 Elneet
426 1136 555 1201 quoque
578 1139 620 1180 ex
641 1115 756 1180 iisdem
781 1120 945 1202 Agentem
961 1117 1060 1202 Regis
1076 1116 1197 1193 Daniae,
1216 1116 1272 1203 qui
1294 1114 1419 1203 aliquot
1433 1138 1538 1180 aumas

286 1213 340 1278 hio
373 1216 543 1293 resederat,
577 1217 716 1302 pecunia
751 1216 905 1281 Poloniea
936 1216 1039 1280 fnisse
1072 1230 1256 1304 corruptum
1279 1240 1394 1303 resque
1418 1216 1538 1280 Poloni

287 1316 340 1379 hio
373 1317 478 1402 egisse
512 1340 585 1381 eum
612 1316 679 1381 auis
702 1318 867 1381 ministris.
912 1316 1029 1381 Missus
1051 1317 1162 1402 itaque
1184 1317 1220 1381 in
1242 1317 1380 1382 Daniam
1403 1317 1537 1405 legatus

287 1441 305 1480 a
337 1417 427 1502 Rege
459 1439 533 1482 meo
564 1432 623 1491 eat,
657 1418 714 1504 qui
746 1440 801 1482 eas
828 1418 998 1482 exhiberet
1024 1417 1108 1504 Regi
1130 1419 1250 1494 banio,
1275 1440 1312 1481 ao
1334 1419 1374 1483 de
1397 1417 1537 1483 authore

286 1518 450 1582 literarum
473 1517 669 1604 supplicium
692 1517 775 1582 sumi
800 1531 931 1604 peteret
965 1518 1049 1598 Quid
1072 1519 1220 1583 futurum
1240 1518 1293 1595 ait,
1309 1518 1537 1606 intelligemus

288 1619 486 1704 propediem.

370 1719 507 1784 Interim
538 1719 667 1805 legatus
700 1720 860 1794 Gallicus,
890 1719 947 1806 qni
980 1719 1045 1783 alio
1072 1719 1189 1784 itinere
1211 1743 1345 1807 regnum
1368 1722 1537 1807 ingressus

287 1834 346 1896 est,
379 1819 439 1883 hoc
475 1820 586 1885 audito
608 1819 764 1885 redeundi
786 1820 819 1883 in
844 1820 979 1885 Daniam
1000 1820 1191 1886 facultatem
1214 1821 1319 1907 petiit,
1342 1834 1379 1884 ut
1397 1822 1537 1905 junctus

286 1920 427 2007 Anglieo
460 1935 646 2007 procuraret
672 1921 787 1985 bonam
816 1943 852 1985 ac
876 1922 1025 2007 praesenti
1048 1922 1148 1986 statui
1170 1944 1275 1986 rerum
1297 1935 1536 2009 congruentem

284 2020 533 2101 resolutionem
555 2036 623 2087 tum
647 2022 743 2112 eoepit
765 2043 860 2109 agere
883 2043 956 2085 cnm
980 2021 1068 2108 Rege
1091 2045 1163 2086 meo
1179 2022 1219 2087 de
1234 2037 1398 2088 conventu
1414 2023 1537 2087 utrius·

284 2144 346 2207 qno
369 2122 467 2209 Regis
490 2123 529 2186 ad
553 2122 672 2187 limites
695 2144 879 2207 regnorum,
903 2145 962 2187 nee
985 2122 1202 2187 dissimulavit
1224 2122 1264 2187 de
1280 2146 1320 2188 eo
1339 2125 1406 2207 jam
1422 2136 1536 2188 actum

284 2243 353 2287 esse
385 2223 470 2287 inter
502 2246 536 2287 se
569 2236 603 2288 ot
636 2223 814 2309 Anglioum
840 2222 986 2311 legatum
1009 2224 1138 2287 coneoio
1161 2224 1249 2308 Rege
1273 2224 1393 2289 Daniae.
1438 2224 1468 2288 S.
1492 2225 1535 2289 R.

284 2323 388 2399 Mass,
422 2347 491 2410 quae
524 2323 614 2387 nulla
646 2346 789 2411 unquam
823 2336 965 2388 aversata
992 2337 1041 2388 est
1068 2323 1176 2388 media
1196 2327 1423 2391 oonservande
1445 2339 1534 2390 tran·

284 2424 457 2509 quillitatis
479 2425 566 2489 inter
587 2423 654 2489 lraeo
676 2448 776 2512 regna
798 2424 945 2511 inprimis
968 2423 1029 2488 hoc
1052 2424 1234 2511 periculoso
1256 2437 1534 2512 tempore,osten·

283 2525 333 2588 dit
365 2549 398 2589 se
432 2538 466 2590 et
497 2525 675 2589 declaravit
707 2548 770 2590 non
797 2525 934 2590 alienam
959 2548 977 2587 a
999 2547 1182 2613 congrum,
1205 2527 1233 2590 ai
1257 2526 1334 2612 qnid
1357 2527 1533 2613 perillum

283 2626 383 2690 statui
405 2648 498 2711 posse
521 2638 638 2711 putent
659 2625 693 2689 in
709 2648 802 2690 usum
818 2649 1033 2690 communem.
1067 2626 1099 2690 Is
1115 2626 1191 2690 hinc
1206 2627 1240 2689 in
1257 2627 1393 2690 Daniam
1409 2627 1533 2692 nudius

283 2725 400 2791 tertius
422 2726 535 2805 rediit,
558 2749 615 2790 nos
628 2728 664 2809 ¹),
687 2727 763 2813 quid
787 2727 936 2792 futurum
959 2727 1010 2804 sit,
1033 2726 1139 2790 indies
1160 2742 1396 2813 exspectamus.

367 2826 584 2904 Charaetorea,
619 2851 699 2914 quos
733 2850 816 2893 anno
839 2827 955 2892 abhinc
979 2828 1057 2891 milri
1082 2827 1338 2905 communicasti,
1361 2827 1531 2894 adservari

282 2928 484 3015 diligentins,
518 2942 550 2993 et
583 2929 651 3005 hoa,
684 2952 764 3015 quos
798 2951 884 2992 nuno
918 2928 1044 3003 misisti,
1078 2928 1234 2993 retinebo.
1279 2928 1352 3016 Ego
1377 2928 1418 2994 iis
1441 2952 1531 2995 nune

282 3028 453 3116 aliquoties
488 3052 564 3093 usna
597 3052 678 3103 anm,
713 3044 746 3093 et
771 3044 845 3093 utar
878 3030 1088 3114 inposterum,
1121 3029 1249 3115 quoties
1271 3051 1351 3117 opus
1374 3031 1446 3108 erit,
1468 3054 1531 3096 nee

282 3129 345 3195 erit
381 3131 553 3217 ingratum,
596 3130 624 3193 si
660 3142 696 3195 tu
731 3143 802 3194 tuas
836 3129 1038 3216 inposterum
1071 3130 1179 3195 literas
1211 3131 1252 3194 iia
1293 3130 1526 3196 obscuraveris.

281 3230 465 3296 Perioulum
499 3230 584 3295 enim
619 3244 678 3307 est,
713 3253 752 3294 ne
779 3230 923 3315 quedam
946 3243 1126 3295 nostramm
1148 3230 1314 3295 literarum
1338 3232 1470 3297 veniant
1491 3234 1529 3296 in

281 3353 395 3395 manus
423 3331 560 3417 iniquas.
607 3330 698 3410 Vale,
726 3345 823 3418 atque
847 3332 926 3396 mihi
949 3346 1077 3395 anetum
1099 3332 1186 3395 inter
1207 3333 1325 3396 amieos
1347 3332 1456 3397 locum
1478 3357 1531 3398 re-

282 3433 401 3518 linque.
450 3432 614 3496 Dabuntur
634 3432 824 3519 Jenekopiae
846 3432 898 3497 die
922 3433 963 3496 23
983 3432 1060 3497 lan.
1084 3436 1147 3496 An.
1172 3434 1264 3498 1625.

925 3617 1061 3704 Magnif.
1086 3632 1148 3681 tuae
1171 3618 1382 3683 amicissimus

928 3718 1067 3782 Axelina
1089 3717 1282 3783 Oxenstiern
1305 3741 1370 3805 mp.

364 3924 442 3973 Itltar
469 3925 658 3989 egenhtndlgt
685 3925 806 3989 konoept
833 3927 843 3974 i
871 3924 1052 3984 Riksarkivat,
1077 3925 1213 3988 jamiordt
1240 3925 1301 3976 mad
1323 3927 1372 3976 det
1390 3925 1529 3977 likaledea

281 4008 473 4071 egenhtndlga
501 4010 658 4071 originalst,
676 4010 706 4058 ai
725 4008 832 4058 hrilket
850 4009 991 4059 mellersta
1009 4009 1090 4059 delen
1108 4010 1234 4058 servaras
1252 4011 1263 4058 l
1281 4009 1413 4060 Colleotlo
1432 4010 1528 4061 Carne·

280 4094 398 4151 rodana,
425 4092 457 4141 K.
477 4093 542 4142 Hot-
561 4094 617 4143 ond
646 4093 907 4153 Staatablbliothek,
934 4093 1081 4154 Mltncben,
1107 4094 1157 4143 och
1187 4093 1285 4157 borjan
1307 4092 1392 4154 inmte
1411 4094 1527 4144 slntetl

281 4176 368 4238 Haag,
393 4175 537 4226 hvartlrtn
560 4191 595 4226 en
617 4178 733 4227 alskrllt
749 4178 906 4228 msddalata
923 4192 1021 4241 genoso
1038 4179 1058 4227 t.
1078 4179 1104 4227 d.
1123 4177 1267 4227 mlnlstern
1286 4176 1313 4227 Ο.
1331 4178 1356 4228 J.
1376 4162 1404 4226 ll.
1424 4178 1528 4230 Boreo·

280 4268 358 4308 atam.
396 4260 481 4309 Forat
499 4262 592 4324 tryekt
611 4261 660 4311 hos
680 4261 777 4322 Moser,
796 4263 869 4312 Patr.
888 4263 998 4321 Areblv,
1016 4263 1047 4311 V:
1066 4266 1173 4312 94-98.

365 4441 384 4499 ¹]
405 4443 468 4494 Med
486 4458 545 4494 nos
563 4447 651 4495 alutar
669 4447 960 4511 originaltragmentet
977 4451 988 4497 l
1006 4447 1151 4498 Mttnohen.

800 4681 1001 4689 ——-—-..-...—..
