3264 5354
347 453 388 516 52

302 642 336 686 ae
370 619 548 706 suscipere3
582 642 652 705 quae
685 619 793 683 omnia
826 642 889 684 non
924 619 1037 684 dubito
1070 634 1102 684 te
1133 643 1175 684 ex
1197 620 1338 685 Bellinio
1358 620 1558 706 jamdudum

302 722 502 807 cognovisse.
556 719 589 783 S.
624 720 734 807 itsque
767 721 804 785 R.
840 721 935 785 lllztas
967 743 1040 785 cum
1069 721 1213 808 legatum
1235 736 1329 787 extr·
1349 722 1496 786 ordinem
1518 721 1557 785 in

304 823 454 909 Belgium
489 822 618 886 mittere
652 821 804 886 exclusus
838 821 993 907 temporis
1026 820 1176 907 angustia
1209 835 1242 886 ct
1267 822 1346 887 alias
1373 823 1413 886 ob
1441 844 1557 886 causac

304 945 368 988 non
402 934 519 1009 posset,
548 922 649 1006 jussit
681 945 775 987 suum
810 922 844 986 in
877 922 1002 1008 Anglia
1034 920 1294 986 Commissarium
1324 923 1413 988 etin
1436 922 1557 1008 Belgio

304 1025 509 1089 Residentsm
538 1023 626 1087 dicto
648 1022 702 1088 dic
728 1036 762 1088 et
784 1023 857 1087 loco
880 1023 998 1096 adesse,
1021 1044 1145 1109 suoque
1169 1023 1297 1086 nomine
1319 1022 1455 1087 consilia
1477 1046 1556 1086 cum

303 1125 428 1199 ceteris,
462 1123 519 1209 qui
547 1124 718 1188 adventuri
740 1144 859 1200 essent,
882 1124 1131 1200 communicare,
1154 1145 1189 1187 ac
1212 1123 1240 1187 si
1262 1145 1313 1188 res
1335 1123 1419 1188 serio
1443 1146 1557 1210 agere·

304 1239 365 1301 tur,
398 1224 530 1302 hortari,
564 1247 627 1311 quo
660 1224 761 1308 legati
794 1225 859 1288 huc
893 1224 1072 1300 mittantur,
1107 1224 1163 1311 qui
1193 1247 1265 1287 cum
1295 1223 1326 1287 S.
1350 1225 1386 1289 R.
1411 1224 1489 1288 Mtte
1512 1224 1556 1289 de

304 1326 430 1391 cunctis
453 1337 596 1390 statuant
619 1348 654 1389 ac
677 1325 882 1391 concludant.

390 1427 460 1491 Stat
492 1426 575 1514 Regi
608 1449 680 1491 meo
714 1426 875 1491 sententia
908 1448 971 1489 non
1004 1426 1150 1490 deserere
1185 1425 1313 1501 amicos,
1341 1426 1556 1512 quantumin

305 1527 376 1614 ipso
403 1545 461 1592 eat.
511 1526 627 1591 Omnia
655 1548 727 1612 quaa
749 1551 768 1590 a
789 1526 883 1590 nobis
906 1527 1047 1612 praestari
1070 1526 1199 1599 debent,
1220 1541 1455 1613 peramarunt,
1479 1549 1556 1591 cum

304 1628 404 1693 fuerit
438 1650 527 1713 opus,
560 1650 619 1691 nec
653 1627 715 1691 erit
747 1628 819 1691 Rex
847 1648 937 1692 meus
959 1626 993 1690 in
1017 1649 1112 1705 mora,
1136 1650 1210 1691 cum
1232 1628 1333 1692 ceteri
1356 1627 1558 1692 contulerint

305 1729 443 1793 consilia
465 1752 502 1793 ac
524 1751 602 1814 opes
625 1751 709 1803 suas,
726 1729 973 1814 propositasque
989 1728 1194 1793 condiciones
1209 1742 1356 1814 acceptas
1371 1726 1556 1793 habuerint.

391 1834 437 1894 At
471 1829 582 1915 paucis
617 1828 733 1892 abhinc
767 1828 953 1915 septimanis
980 1829 1079 1892 tacite
1106 1829 1201 1916 caepit
1226 1830 1259 1893 in
1282 1830 1401 1916 vulgus
1423 1852 1556 1894 manare

306 1954 424 2005 rumor,
459 1929 604 1995 firmatus
638 1929 742 1994 relatu
776 1929 877 2017 legati
911 1927 1038 2002 Gallici,
1065 1929 1187 2015 Regem
1213 1929 1326 1994 Daniae
1348 1929 1491 1994 animum
1513 1931 1555 1995 ad

306 2030 545 2097 restitutionem
582 2053 689 2096 rerum
727 2029 938 2116 collapsurum
978 2029 1117 2115 adjicere
1155 2031 1224 2094 sine
1261 2031 1360 2095 dubio
1396 2030 1558 2095 instinctu

304 2131 500 2218 hortatuque
533 2132 632 2218 legati
671 2131 849 2195 Britannici
877 2131 1098 2216 Amstrytteri.
1148 2132 1218 2196 Rex
1239 2132 1349 2218 itaque
1374 2156 1472 2210 meus,
1497 2133 1556 2218 qui

306 2233 388 2298 nihil
411 2233 559 2319 quaesivit
582 2232 679 2307 aliud,
703 2254 800 2318 quam
823 2245 859 2295 ut
882 2245 983 2295 status
1005 2255 1112 2296 rerum
1136 2231 1396 2297 Germanicarum
1417 2232 1557 2319 pristino

305 2335 377 2399 loco
404 2346 558 2412 maneret,
583 2346 679 2419 atque
702 2348 738 2397 ut
759 2333 890 2420 cognati
913 2332 1072 2418 amicique
1094 2331 1145 2396 sui
1167 2347 1232 2397 tarn
1255 2332 1432 2421 religionis,
1455 2355 1556 2418 quarn

304 2447 408 2500 status
430 2433 578 2499 libertate
601 2433 789 2522 gauderent,
812 2455 895 2497 neve
918 2431 1081 2497 Pontifieii
1097 2457 1172 2498 curn
1189 2434 1333 2518 periculo
1348 2434 1446 2498 huius
1461 2432 1557 2521 regni

305 2537 422 2622 pedem
459 2536 498 2599 ad
537 2557 623 2599 mare
656 2533 841 2599 Balthicum
875 2532 1021 2621 figerent,
1054 2534 1272 2622 gratissimum
1306 2534 1420 2599 habuit
1453 2534 1555 2599 alium

305 2637 485 2723 principem
508 2635 743 2723 Evangelicum
765 2634 909 2721 reperiri,
932 2634 988 2721 qui
1012 2633 1044 2698 id
1068 2635 1173 2699 oneris
1195 2635 1230 2699 in
1252 2658 1284 2700 se
1308 2636 1495 2722 susciperet,
1516 2658 1556 2700 ac

306 2738 337 2803 S.
360 2738 398 2802 R.
421 2736 535 2801 Mztcm
557 2758 596 2800 co
617 2735 688 2821 ipso
711 2734 870 2799 liberaret.
914 2735 1036 2821 Regem
1060 2735 1170 2822 itaque
1193 2736 1315 2811 Daniae,
1338 2750 1376 2800 ut
1392 2759 1435 2800 ex
1449 2735 1557 2800 literis

300 2840 371 2927 jam
394 2851 468 2901 ante
490 2835 531 2900 ad
552 2848 586 2900 te
609 2835 714 2901 missis
737 2836 930 2924 cognovisti,
953 2835 1097 2900 hortatus
1120 2850 1169 2901 est
1192 2851 1225 2901 et
1246 2836 1406 2915 incitavit,
1428 2849 1465 2900 ut
1483 2858 1557 2922 per·

304 2950 412 3025 geret;
445 2937 502 3024 qui
534 2937 636 3001 literis
663 2937 730 3002 suis
753 2937 814 3001 hoc
838 2938 1038 3024 propositum
1061 2960 1156 3002 suum
1178 2937 1309 3002 uberius
1331 2952 1470 3002 testatus
1492 2952 1555 3003 est.

305 3039 336 3102 Is
370 3061 444 3104 cum
478 3039 562 3102 inter
596 3038 659 3103 alia
691 3050 779 3124 petat
812 3038 875 3104 sibi
908 3037 1147 3115 communicari,
1174 3039 1253 3125 quid
1280 3038 1311 3103 S.
1339 3039 1376 3103 R.
1400 3038 1496 3103 Mztas
1518 3037 1556 3103 in

304 3162 474 3204 commune
505 3140 587 3204 ferre
611 3139 700 3213 velit,
723 3139 830 3204 visum
853 3153 903 3205 est
924 3138 973 3203 illi
996 3141 1119 3225 aperire
1142 3152 1295 3226 exparte
1318 3140 1455 3227 quadam
1477 3163 1556 3204 con-

304 3239 378 3304 silia
402 3264 420 3304 a
442 3240 473 3303 S.
496 3240 533 3304 R.
557 3240 635 3305 lllzte
658 3239 780 3326 agitata
801 3263 859 3326 pro
882 3240 1068 3304 defensione
1092 3241 1257 3304 communi
1279 3243 1434 3316 omnium,
1457 3254 1556 3306 testa·

305 3341 397 3426 rique
430 3342 590 3426 optimum
625 3340 777 3405 affectum
811 3339 973 3427 animique
1007 3340 1250 3406 inclinationem
1284 3342 1318 3406 in
1352 3342 1491 3406 salutern
1515 3364 1554 3406 ac

305 3441 513 3507 securitatem
537 3457 739 3517 cunctorum3
762 3440 1034 3527 quemadmodum
1058 3440 1167 3505 isthaec
1183 3465 1356 3529 cognosces
1371 3442 1555 3507 accuratius

304 3556 371 3607 tam
405 3566 447 3606 cx
480 3542 582 3607 literis
610 3542 710 3630 Regia
737 3542 847 3607 Daniae
869 3539 933 3605 huc
956 3542 1070 3619 missis,
1095 3566 1190 3630 quam
1213 3566 1255 3606 ex
1276 3567 1428 3630 responso
1451 3544 1554 3631 Regis

306 3644 371 3709 mei
406 3642 496 3708 hisce
533 3643 685 3708 adiuncto
698 3644 733 3726 ¹).
789 3642 977 3707 Communis
1014 3665 1141 3730 quoque
1178 3667 1266 3708 nunc
1303 3644 1418 3709 volitat
1453 3645 1552 3723 fama,

305 3746 498 3809 immensum
531 3744 711 3829 comparari
743 3743 930 3819 exercitum,
966 3757 1061 3830 atque
1092 3746 1201 3809 omnia
1228 3744 1409 3835 adbellum
1432 3748 1552 3832 parari,

305 3867 426 3933 proque
455 3845 525 3908 eius
548 3844 788 3909 continuatione
811 3860 845 3908 et
867 3857 1122 3910 sustentamento
1145 3846 1288 3932 legatum
1313 3844 1550 3911 Brittannieum

305 3950 560 4032 Amstrytterum
592 3946 626 4009 in
654 3946 808 4032 Angliam
836 3946 969 4017 rediisse
997 3969 1196 4033 persuasum,
1220 3960 1257 4011 ut
1280 3946 1417 4034 pecunia
1439 3960 1553 4033 parata

304 4047 347 4111 sit
369 4062 402 4111 et
425 4045 693 4110 subministretur.

392 4168 411 4227 ¹)
436 4172 485 4219 Om
509 4170 622 4231 konnng
645 4170 806 4219 Ohrlatlans
828 4170 892 4220 brai
909 4170 955 4219 till
974 4171 1077 4219 Gustaf
1096 4171 1179 4220 Adolt
1198 4186 1228 4221 ss
1246 4172 1329 4221 afran
1347 4171 1391 4221 stc
1409 4175 1441 4219 tt
1460 4177 1511 4221 not
1530 4168 1552 4229 ¹)

306 4254 406 4303 Gustaf
432 4255 532 4303 Adolis
559 4268 630 4315 srar,
651 4269 710 4303 rom
733 4256 785 4303 enl.
809 4254 967 4314 Wclbull,
991 4253 1099 4318 Gustus
1116 4256 1156 4305 ΙΙ
1177 4255 1268 4316 Adols
1284 4255 1332 4303 aaa
1351 4255 1490 4304 Cla-iatius
1508 4255 1531 4304 I
1533 4256 1557 4303 V

308 4340 479 4397 tan—1025,
498 4339 549 4387 sid.
570 4338 1117 4401 17‚1original(Danakalugsarkivet)
1136 4344 1166 4388 tr
1186 4341 1316 4388 dateradt
1335 4339 1359 4387 d.
1378 4342 1407 4388 nt
1427 4339 1508 4399 Mars,
1521 4342 1555 4388 hi·

251 4412 255 4425 '
306 4423 315 4470 1
343 4421 417 4470 treta
444 4423 486 4470 Sv.
514 4424 622 4485 registr.
651 4423 712 4471 med
740 4422 825 4485 nugat
848 4422 924 4470 cllka
942 4423 1048 4485 lydelse
1067 4423 1174 4472 inlcrdt
1192 4424 1264 4472 bade
1282 4424 1308 4472 d.
1329 4426 1359 4471 18
1378 4438 1401 4472 ο.
1420 4425 1452 4470 ⁴28
1471 4423 1555 4481 Mara,

306 4506 354 4555 fol.
375 4509 421 4553 112
441 4521 465 4554 o.
487 4510 532 4554 117
552 4507 590 4566 b),
608 4512 679 4555 samt
697 4508 748 4554 flua
766 4508 775 4554 1
794 4506 900 4556 latinsk
919 4507 1126 4569 oircrsattuing
1143 4507 1193 4555 hos
1212 4506 1330 4567 Moser,
1349 4508 1426 4556 Patr.
1440 4507 1555 4566 Archia,

307 4589 337 4637 V:
357 4592 413 4638 ltt.
449 4590 583 4640 Latinska
601 4590 953 4654 ofranattnlngskonccpt,
969 4590 1080 4639 rattadc
1099 4591 1129 4640 ai
1145 4590 1341 4649 rimaraum,
1353 4592 1442 4641 flnnas
1455 4590 1464 4639 1
1477 4589 1555 4641 lea·

306 4674 423 4731 arrives,
442 4675 555 4730 Danlca,
575 4673 723 4722 Fcrhandl.
742 4688 776 4722 m.
797 4675 909 4736 Srarigc
928 4689 952 4724 o.
971 4675 1110 4724 Danmark
1132 4677 1305 4725 toln-1648.
