3298 5346
116 790 193 846 ast.
238 790 308 846 'I'ill
329 790 492 858 nennius
512 790 674 859 wagner,
696 791 930 860 borgmflstare
944 790 958 846 i
974 791 1366 862 Altstadbssbnlsssberg.

899 890 1028 959 Elbing
1048 893 1084 948 d.
1105 893 1143 947 al
1163 892 1256 950 Em
1277 892 1366 950 lost.

115 1104 357 1163 Underrtttslsan
384 1120 441 1155 som
464 1105 557 1168 lugltt
573 1106 583 1155 i
602 1107 683 1156 dossa
701 1107 786 1169 dagar
804 1120 846 1155 om
865 1106 964 1169 poleka
982 1106 1166 1170 stimplingar
1182 1111 1241 1156 rnot
1258 1111 1367 1157 neum·

203 1188 314 1250 litsten,
339 1188 503 1239 fonnlcude
530 1192 560 1239 A.
588 1188 619 1238 0.
647 1194 690 1239 att
707 1191 791 1252 bryta
808 1191 852 1239 sln
870 1190 985 1253 tystnad
1003 1191 1055 1240 och
1074 1191 1183 1241 affarda
1201 1190 1299 1241 Sadler
1319 1189 1368 1253 (ilt

203 1272 374 1336 retegamus
393 1272 476 1334 bref),
495 1273 602 1337 hoppas
621 1278 664 1323 att
682 1274 720 1323 W.
739 1274 811 1324 skall
829 1274 930 1338 framis
948 1274 1018 1324 hans
1036 1274 1105 1324 varl.

464 1435 591 1499 Nobilis
607 1449 703 1523 atque
726 1436 937 1523 Amplissime
960 1437 1019 1513 vir,

534 1538 635 1601 amice
659 1536 951 1603 observantissime.

204 1686 341 1774 Captum
374 1700 482 1753 tecum
517 1687 694 1752 amicitiam
716 1700 831 1752 mutua
853 1702 887 1753 et
908 1689 1069 1775 frequenti
1091 1689 1257 1754 literarum
1280 1713 1366 1754 eom·

115 1788 338 1853 municatione
371 1789 513 1875 prompti
545 1789 653 1852 animo
686 1810 933 1865 conservassem,
956 1812 1030 1853 cum
1053 1788 1147 1856 adid
1171 1803 1205 1854 et
1227 1789 1366 1877 publicas

118 1912 170 1954 me
192 1889 333 1954 rationes
348 1871 583 1975 permoverent,
599 1903 633 1954 et
648 1889 874 1954 benevolentia
887 1889 1083 1953 nostratibus
1099 1892 1155 1954 abs
1170 1903 1203 1954 te
1218 1890 1366 1955 exhibita

115 2013 170 2055 me
193 2012 257 2053 non
280 2012 393 2076 parum
415 1990 618 2069 accenderet;
644 1990 785 2055 abstinui
806 2004 914 2054 tamen
937 1990 1093 2054 hactenus
1116 2004 1204 2055 certo
1219 1991 1365 2069 consilio,

116 2090 216 2178 idque
250 2114 290 2156 ne
312 2090 457 2154 obessem
479 2090 664 2155 interventu
686 2113 759 2156 meo
781 2091 974 2155 salutaribus
1001 2090 1146 2155 consiliis
1169 2093 1242 2157 tuis.
1287 2092 1366 2172 Quae

116 2216 169 2258 me
204 2215 269 2255 non
292 2190 399 2255 minus
427 2191 510 2255 ratio
533 2190 643 2269 movit,
668 2204 704 2255 ut
726 2192 907 2279 putaverim
930 2192 1109 2256 consultius
1132 2191 1214 2256 nihil
1237 2215 1366 2280 quoque

104 2293 285 2367 ,literarum
317 2292 351 2355 iu
383 2291 551 2378 publicum
584 2293 669 2371 dare,
704 2316 762 2356 neo
796 2291 926 2378 publica
958 2292 1093 2357 consilia
1115 2292 1272 2357 Ordinum
1296 2293 1364 2357 ullo

118 2393 215 2458 modo
247 2393 385 2470 turbare,
419 2404 457 2456 ut
489 2392 705 2479 tranquillitas
740 2393 872 2457 Ducalis
895 2392 1051 2456 Borussiae
1074 2392 1233 2458 Ordiuum
1255 2394 1365 2481 potius

116 2493 235 2559 studiis
257 2493 429 2558 liberrimis
451 2515 546 2580 quam
568 2492 770 2581 suggestioni
793 2517 871 2558 mere
892 2492 1073 2558 deberetur.

202 2594 327 2659 Verum
360 2594 503 2658 delatum
537 2594 576 2658 ad
610 2617 661 2659 me
695 2594 782 2659 hisce
816 2594 930 2659 diebus
964 2607 1023 2672 est,
1045 2594 1171 2681 legatos
1195 2595 1365 2659 Polonicos

118 2695 217 2783 Regis
250 2695 301 2758 sui
323 2693 519 2759 authoritate
547 2709 581 2759 et
602 2695 738 2781 imperio
760 2694 870 2760 conari
892 2694 1005 2759 tollere
1028 2708 1061 2759 et
1083 2695 1248 2760 annullare
1272 2709 1366 2782 pacta

116 2795 334 2887 neutralitatis
367 2793 533 2860 vobiscum
566 2795 658 2873 inita,
692 2809 726 2860 et
747 2818 810 2860 non
834 2808 963 2860 tantum
984 2808 1161 2860 extremam
1184 2796 1277 2859 vobis
1300 2818 1364 2860 ser·

116 2897 256 2962 vitutem
279 2896 461 2973 obtrudere,
485 2897 539 2960 sed
562 2895 660 2960 etiarn
684 2896 723 2960 ad
744 2897 877 2961 infanda
899 2896 1018 2960 coelem
1039 2896 1073 2959 in
1097 2909 1254 2960 nostrates
1275 2918 1366 2960 exer·

116 2999 219 3063 conda
252 3018 376 3083 cogere.
432 2995 510 3061 Ideo
543 3018 584 3060 ne
606 2996 679 3084 quis
700 2997 755 3061 vel
778 3011 866 3062 metu
889 2997 941 3062 vel
963 2997 1095 3084 ignavia
1116 2996 1247 3061 illorum
1266 2997 1366 3082 jussis

116 3098 259 3173 accedat,
282 3119 364 3162 neve
386 3097 458 3183 quis
482 3097 632 3184 abreptus
655 3097 743 3163 hisce
766 3111 833 3162 tam
856 3099 962 3185 pravis
985 3098 1247 3185 suggestionibus
1262 3120 1295 3160 se
1311 3121 1365 3184 pa·

116 3201 276 3285 triamque
310 3197 345 3261 iu
378 3211 561 3262 extremum
594 3198 746 3263 coniiciat
772 3198 954 3276 discrimen,
988 3198 1101 3286 putavi
1136 3199 1200 3264 mei
1223 3199 1364 3263 muneris

116 3323 186 3366 esse
209 3313 244 3364 et
266 3299 416 3363 amicitiae
438 3313 554 3362 nostrae
578 3300 752 3385 praevenire
775 3298 842 3363 haec
865 3298 959 3374 mala,
983 3299 1144 3385 missoque
1168 3299 1198 3363 S.
1223 3299 1259 3363 R.
1276 3299 1364 3363 Mais

116 3400 242 3467 domini
264 3400 329 3463 mei
351 3398 593 3465 clementissimi
617 3400 799 3476 secretario,
822 3399 998 3463 clarissimo
1020 3400 1096 3464 dzno
1119 3400 1274 3486 Philippo
1289 3399 1365 3463 Sad-

116 3503 195 3578 lero,
219 3523 333 3586 urgere
357 3501 634 3565 confirmationem
657 3515 823 3588 pactorum
845 3500 1060 3565 neutralitatis
1082 3515 1125 3578 et,
1149 3501 1364 3587 quantumin

115 3624 168 3668 me
202 3615 261 3678 est,
296 3602 335 3666 ad
358 3602 637 3666 conservationem
661 3601 810 3668 amicitiae
832 3602 967 3666 incitare
990 3601 1179 3688 cumprimis
1201 3601 1364 3667 serenissi-

116 3725 207 3768 mum
228 3702 423 3779 Elussorem,
447 3701 630 3789 Principem
646 3714 679 3767 et
699 3704 930 3768 moderatorem
947 3702 1157 3767 consiliorum
1173 3716 1362 3781 vestrorum,

116 3819 186 3869 tum
210 3802 444 3890 amplissimum
466 3802 620 3868 Senatum
643 3802 820 3867 Civitatum
835 3817 1024 3881 vestrarum,
1045 3825 1120 3867 cum
1135 3802 1253 3888 quibus
1268 3817 1364 3889 pacta

118 3903 336 3969 neutralitatis
358 3904 495 3969 solemni
517 3904 581 3968 ritu
604 3904 686 3968 inita
708 3918 742 3968 et
764 3904 890 3968 firmata
913 3918 997 3967 sunt.

201 4006 291 4070 Inter
323 4026 434 4069 omnes
467 4019 574 4070 autem
608 4019 731 4069 certum
765 4003 868 4069 habeo
902 4002 1192 4090 Amplitud[iuem]
1218 4016 1364 4068 tuamet

117 4105 211 4170 saluti
245 4104 422 4170 Civitatum
455 4128 585 4170 suarum
612 4118 645 4169 et
666 4105 831 4170 communi
853 4104 1082 4191 tranquillitati
1104 4105 1198 4168 unice
1220 4104 1363 4168 deditam

117 4205 339 4292 bonorumque
360 4205 570 4271 consiliorum
593 4206 761 4271 authorem
784 4228 911 4292 semper
938 4204 1145 4292 ex[s]titisse;
1169 4218 1265 4291 atque
1288 4205 1363 4270 ideo

117 4321 206 4372 tanto
239 4305 326 4370 facio
358 4306 583 4384 confidentius,
608 4319 645 4372 ut
667 4306 794 4372 credam
817 4305 899 4371 mihi
921 4329 986 4370 non
1010 4306 1090 4370 vitio
1113 4329 1240 4370 versum
1263 4304 1313 4384 iri,
1336 4305 1364 4370 si

118 4407 178 4472 hoc
218 4407 392 4495 negocium
415 4408 590 4487 Amplitmi
612 4422 675 4473 tuae
697 4408 918 4473 commendam
941 4406 1046 4470 altius.
1093 4404 1186 4471 Nihil
1208 4430 1288 4492 opus
1314 4419 1364 4472 est

118 4508 229 4574 multis
262 4530 406 4594 arguere,
430 4508 507 4595 quid
532 4531 582 4572 me
607 4523 735 4574 moveat
757 4510 795 4573 ad
819 4508 880 4572 hoc
903 4506 1151 4583 sollicitandum,
1179 4508 1283 4571 multo
1304 4507 1364 4571 mi·

119 4632 185 4690 nus,
219 4609 299 4686 uuid
322 4630 379 4672 vos
401 4608 538 4674 incitare
560 4609 674 4674 debeat
696 4611 734 4675 ad
758 4609 843 4673 idem
865 4608 1008 4673 studiose
1031 4608 1266 4695 expetendum3
1289 4619 1365 4672 suut
