3288 5330
1231 431 1294 496 arr
1382 518 1386 524 ὁ

179 598 352 663 Utoaehn'st:
372 600 533 664 ›Msgmtoo
552 608 580 652 et
599 602 737 651 Generoro
756 601 820 650 drno
833 597 936 651 berino
949 616 966 650 a
977 601 1149 662 Kussebeck,
1162 602 1337 655 Serenlsstmt

83 684 228 734 Electorta
246 685 485 748 Brundenburgtci
503 684 667 735 consiliario
686 685 859 735 secretiori.»

175 786 359 850 Peteoanng:
381 786 477 836 »Prata
495 786 646 857 Thauchell
665 786 691 834 d.
712 788 743 835 13
760 787 838 836 lan.»

104 954 107 957 Ι
176 885 302 949 Origmsl
328 887 391 938 med
415 886 590 957 egenhtudig
613 886 784 937 underskrilt
801 886 811 935 i
829 887 896 937 Geh.
915 887 1132 947 Strata-Archlv,
1151 888 1252 946 Berlin,
1270 888 1337 951 Rep.

85 974 111 1029 9,
133 970 183 1020 Nm
203 973 225 1019 δ.
262 969 476 1020 Underskrflten
495 971 600 1020 ‹lubbel
618 970 708 1019 sesom
726 970 762 1033 pt
780 971 829 1020 Nm
849 974 906 1020 tot.

617 1154 678 1162 .—-.
687 1152 817 1162 ----.—-

86 1393 168 1447 280.
207 1391 279 1447 'l'ill
300 1391 406 1447 Levin
428 1405 494 1447 von
516 1390 597 1448 dem
618 1392 832 1448 Rnesebeok.
880 1392 1005 1461 meing
1026 1392 1339 1450 d.asneo.1utc.

86 1592 167 1642 Hans
187 1591 392 1641 meddelanden
410 1591 474 1641 lrtn
493 1591 634 1654 Tysklsnd
652 1592 763 1654 mycket
779 1591 928 1641 valkomns
945 1590 982 1655 pt
999 1591 1089 1653 grund
1109 1593 1139 1641 et
1156 1591 1341 1641 avenskarnea
1373 1576 1379 1588 ’

177 1675 361 1737 afsttngdhet
387 1675 476 1724 under
502 1678 623 1734 vintern;
648 1690 689 1723 om
708 1675 840 1724 htrsrnes
858 1675 992 1738 setllntng
1007 1674 1061 1739 ¹oclr
1081 1676 1265 1739 polaokarnas
1282 1677 1337 1725 tor·

175 1758 311 1822 herisinde
330 1758 462 1820 atterum
480 1756 561 1808 daras
579 1757 743 1808 understter
759 1758 901 1821 beklages.
1331 1762 1336 1769 '

572 1888 743 1976 Magnifice
767 1890 859 1953 Dzne.

176 2007 281 2087 Quem
315 2019 408 2093 grata
439 2006 518 2071 milri
553 2007 596 2070 sit
628 2006 878 2071 communicatio
911 2024 969 2071 tua
996 2028 1106 2071 esrum
1129 2028 1244 2083 rerum,
1267 2029 1339 2092 quae

90 2104 148 2194 per
181 2107 386 2173 Germaniam
420 2120 453 2172 et
483 2107 517 2171 in
553 2106 673 2172 vicinia
705 2121 871 2192 geruntur,
903 2107 975 2193 ipse
1002 2128 1060 2192 pro
1087 2121 1143 2171 tua
1166 2107 1339 2192 prudentia

89 2206 189 2272 facile
211 2208 436 2287 aestimaverim
459 2207 654 2272 constitutus
676 2208 763 2271 enim
785 2208 819 2270 in
842 2205 967 2271 hostico
990 2222 1023 2271 et
1044 2207 1172 2272 cinctus
1188 2207 1242 2271 vel
1258 2208 1337 2271 mari

89 2309 264 2395 congelato
287 2323 320 2373 et
342 2308 542 2395 navigationi
564 2308 674 2394 inepto
697 2308 750 2370 vel
772 2308 884 2372 hostili
907 2307 1062 2383 exercitu,
1086 2309 1144 2371 vix
1166 2309 1336 2395 quicquam

91 2411 132 2474 ab
157 2410 281 2487 amicis,
303 2409 420 2495 quibua
444 2408 541 2475 fidere
564 2409 652 2485 licet,
674 2409 906 2484 rescisceret
928 2408 1101 2495 quicquam
1117 2409 1260 2473 adfertur
1274 2408 1338 2472 nisi

91 2534 133 2574 err
155 2509 292 2588 hostico,
316 2510 372 2574 ubi
395 2533 443 2584 ea,
467 2532 537 2597 quae
560 2523 653 2596 grata
674 2509 786 2573 auditu
808 2522 892 2583 sunt,
916 2510 1103 2595 plerumque
1119 2510 1336 2585 invertuntur,

90 2625 124 2675 et
150 2634 223 2697 quae
251 2611 388 2697 ingrata,
411 2624 649 2697 exaggerantur
671 2611 704 2673 iu
728 2610 850 2673 maius.»
886 2610 1007 2690 Quodsi
1029 2610 1130 2699 igitur
1152 2609 1227 2674 data
1250 2633 1341 2674 occa·

91 2713 180 2776 sione
204 2712 294 2776 hisce
317 2710 481 2788 institeris,
505 2723 583 2798 puta
606 2733 655 2774 me
678 2711 738 2774 tibi
763 2734 879 2798 magno
902 2712 1034 2774 vinculo
1051 2710 1243 2775 obstrictum
1259 2711 1337 2775 fore.

176 2812 240 2876 Res
263 2824 376 2875 nostrae
399 2811 490 2874 vobis
514 2810 653 2876 notiores
675 2826 760 2887 sunt,
784 2835 880 2898 quam
904 2826 939 2875 ut
961 2812 1107 2898 indigeas
1130 2811 1233 2875 relatu
1256 2818 1339 2875 meo'.

91 2913 163 2977 Hoc
187 2924 314 2977 tantum
337 2912 460 2987 addam,
484 2934 536 2976 eas
559 2934 627 2976 esse
650 2911 703 2975 hic
726 2912 789 2976 loci
812 2913 846 2975 in
870 2911 982 2977 eodem
1003 2924 1100 2989 statu,
1115 2911 1149 2975 in
1166 2931 1230 2996 quo
1247 2926 1339 2976 eraut

89 3027 120 3078 te
144 3025 314 3099 praesente.
358 3011 470 3076 Hostis
494 3012 625 3098 quidem
648 3025 756 3076 noster
773 3032 865 3076 'more
887 3035 945 3076 suo
968 3026 1105 3099 vogatur
1121 3036 1177 3098 per
1190 3030 1339 3097 ¹campos3

90 3113 201 3178 exurit
235 3108 384 3200 egregios
417 3135 526 3199 pagos,
560 3113 694 3177 divexat
727 3129 759 3176 ct
793 3113 905 3198 diripit
931 3113 1063 3176 miseros
1092 3128 1125 3177 et
1150 3111 1340 3177 innocentes

89 3215 239 3290 rusticos,
273 3214 389 3300 quibua
415 3213 523 3277 hostes
551 3208 774 3300 pepercimus(
813 3213 927 3299 Nuper
949 3213 1116 3299 congelato
1139 3212 1270 3277 Vistula
1292 3213 1340 3277 in-

90 3338 220 3403 gressus
258 3328 306 3380 est
341 3316 484 3379 Insulam
522 3315 677 3379 Maiorem
714 3328 747 3378 et
783 3312 902 3378 alicubi
936 3312 1033 3377 etism
1068 3312 1341 3391 Fischaviensem,

90 3416 281 3501 emissioque
318 3417 384 3479 suis
420 3414 627 3480 incendiariis
662 3427 696 3478 et
726 3415 858 3500 harpyis
892 3417 1084 3478 rusticorum
1118 3415 1254 3479 aedificio
1287 3416 1339 3479 sb·

89 3517 239 3604 sumpsit.
273 3516 491 3602 OpposuImus
512 3515 562 3579 illi
585 3516 695 3602 copias
717 3528 852 3590 nostras,
876 3530 910 3580 et
931 3515 1057 3601 regredi
1080 3514 1250 3601 aliquoties
1273 3536 1337 3580 non

90 3619 160 3682 sine
198 3616 298 3680 hostis
328 3618 456 3699 jactura
490 3616 671 3702 coegimus3
698 3617 754 3680 sed
781 3615 1188 3703 quominus-Cosaocones,
1211 3616 1283 3681 leve
1300 3612 1341 3681 'et

90 3717 320 3803 vagabundum
354 3715 522 3779 hominum
550 3736 662 3803 genus,
684 3717 843 3781 tartariois
866 3716 1110 3781 excursionibus
1132 3716 1340 3794 innutritum,

90 3818 166 3882 hinc
202 3818 277 3881 inde
312 3829 507 3903 vagarentur
539 3840 597 3902 per
631 3830 757 3903 apertos
783 3832 974 3903 camposet
996 3840 1094 3903 pagos
1118 3818 1262 3903 undique
1287 3841 1339 3903 pu·

90 3932 198 3983 tentes
233 3930 323 3982 tanto
361 3932 518 3983 terrarum
556 3920 675 4004 specio,
712 3918 869 4003 impedire
902 3940 967 3982 non
1002 3910 1189 4004 potuimus
1234 3918 1341 3982 Video

89 4032 222 4106 gentem
249 4033 356 4082 natam
387 4040 450 4083 suae
472 4019 574 4104 ipsius
596 4018 845 4104 consumptioni,
870 4034 903 4083 et
924 4018 1053 4083 laudem
1076 4018 1275 4105 gloriamque
1298 4042 1340 4083 ex

90 4121 140 4184 sui
175 4119 398 4184 devastatione
431 4141 583 4206 quaerere,
618 4142 654 4184 ac
687 4119 720 4182 si
746 4118 840 4184 uobis
873 4119 934 4183 hoc
967 4118 1038 4206 ipso
1072 4142 1154 4206 segre
1183 4120 1339 4185 facerent.

90 4219 238 4286 candide
270 4220 384 4295 fateor,
418 4220 526 4285 dolere
561 4243 610 4284 me
639 4221 743 4285 vicem
771 4222 966 4284 miserorum*
982 4219 1159 4297 hominurn,
1183 4213 1237 4308 qui
1261 4214 1341 4286 adeo

90 4321 213 4408 iniquis
236 4321 392 4407 saevisque
416 4320 554 4384 dominis
578 4320 656 4384 olim
681 4340 828 4406 paruere3
852 4340 969 4385 verum*
990 4343 1032 4384 ex
1054 4320 1142 4385 hisce
1165 4321 1270 4386 facilis
1293 4332 1343 4387 est

90 4423 287 4495 coniectura,
320 4420 432 4508 quales
466 4420 568 4485 futuri
603 4435 709 4486 essent
742 4422 856 4485 Poloni
890 4421 923 4485 in
957 4421 1092 4499 hostico,
1122 4417 1255 4486 cum'iu
1283 4418 1341 4487 hos

90 4524 229 4588 rusticos
263 4522 410 4600 inermes,
444 4544 581 4608 quorum
614 4516 786 4608 imperium
813 4523 910 4608 paulo
933 4537 1007 4586 ant-e
1029 4535 1214 4601 tenuerunt,
1240 4516 1340 4609 usque

92 4625 170 4689 adeo
194 4623 370 4688 crudeliter
390 4624 534 4690 saeviant.
572 4684 576 4691 ,
