3248 5328
264 659 336 705 som
358 636 432 703 ioke
454 638 589 703 alleuati
611 637 751 725 spotlige
772 638 859 715 dhre,
883 636 984 702 uthsn
1007 636 1068 702 oeh
1090 637 1195 702 skulie
1218 636 1310 702 sktra
1335 635 1449 703 helsen
1469 636 1518 701 off

268 744 409 826 mtnp
440 736 547 825 thuiig
578 738 657 817 karl,
686 738 745 805 dir
776 737 817 803 de
843 737 1009 825 ingiuges3
1041 737 1167 803 dtrfdre
1191 736 1250 803 ihr
1270 737 1443 823 lttteligen
1466 751 1514 803 att

268 995 343 1044 enias
370 999 399 1046 et
425 993 564 1051 subditos;
592 995 671 1058 sique
694 994 791 1044 literas
814 999 863 1044 aut
880 995 1047 1044 documenta
1063 996 1094 1044 in
1111 1007 1176 1044 eam
1192 994 1366 1044 obtinuerint
1384 994 1516 1051 antehae,

267 1092 301 1127 ea
326 1078 474 1140 reddunto,
500 1078 599 1142 hisque
622 1080 712 1142 pactis
738 1092 788 1142 per
805 1092 963 1142 expressum
987 1078 1175 1138 annihilauto;
1194 1077 1355 1128 Petroniam
1374 1092 1466 1129 aroem
1486 1083 1517 1128 et

267 1162 398 1227 oppidum
428 1176 488 1213 eum
519 1162 682 1212 subiacente
710 1163 851 1212 territorio
880 1161 948 1225 Regi
979 1163 1129 1227 Regnoqne
1160 1161 1264 1212 Suecia
1290 1166 1428 1227 perpetuo
1454 1161 1517 1226 jure

268 1246 396 1296 oednnto.

876 1331 906 1379 V.

350 1429 407 1481 Rex
425 1436 455 1480 et
473 1431 592 1482 Ordines
610 1430 697 1495 Regni
715 1430 834 1480 Poionlse
853 1431 1000 1495 Magnique
1019 1431 1142 1481 Doeatus
1154 1431 1315 1481 Lithwanim
1326 1430 1395 1494 Regi
1409 1428 1517 1495 Regno·

267 1528 320 1578 que
347 1513 451 1565 Sueoiae
478 1520 601 1579 sumptus
628 1516 657 1565 in
683 1515 735 1565 hoo
762 1515 911 1564 sexennale
928 1514 1033 1564 bellom
1056 1517 1092 1565 ab
1114 1529 1187 1567 anno
1206 1516 1309 1566 Christi
1328 1519 1393 1565 1620
1413 1517 1516 1575 iactos,

265 1598 341 1662 justa
358 1603 498 1663 praeunte
516 1599 701 1663 liquidatione
719 1611 752 1648 ae
769 1599 967 1660 moderatione,
985 1599 1162 1648 retundente.

865 1716 912 1766 vl.

352 1816 408 1866 ilex
434 1817 537 1868 suecia
564 1816 730 1882 permittito,
756 1820 788 1865 ut
814 1816 963 1868 modernus
985 1816 1106 1867 Poionite
1127 1816 1185 1867 Rex
1202 1815 1394 1880 Sigismundus
1413 1819 1515 1868 tertius

266 1902 350 1952 titulo
372 1901 458 1965 Regni
479 1902 584 1952 Sueoiae
601 1906 697 1952 utatur
713 1900 749 1949 td
768 1901 854 1951 vitam
872 1914 957 1961 suam,
975 1902 1035 1950 sine
1053 1901 1111 1951 ulla
1129 1904 1222 1950 tamen
1241 1903 1428 1963 praetentione
1445 1901 1517 1965 juris

267 1989 316 2035 ant
342 1985 503 2049 praeludioio
529 1986 611 2049 Regis
636 1985 777 2049 Beguiqne
801 1985 914 2034 dneelas.
950 1985 987 2033 st
1003 1983 1179 2048 Sigismnndo
1197 1983 1282 2033 tertio
1299 1983 1373 2049 Rege
1391 1985 1518 2036 Polonite

267 2068 409 2129 demneto,
435 2084 515 2120 nemo
542 2082 662 2133 nuqutm
688 2070 838 2119 liberorum
862 2074 1089 2132 posterorumque
1111 2069 1170 2120 eins
1188 2082 1289 2119 nomeu
1306 2068 1413 2119 Sueoiae
1430 2070 1517 2120 titulo

267 2167 316 2203 suo
333 2155 456 2215 interito,
474 2159 523 2204 aut
540 2153 593 2203 sibi
612 2152 758 2216 quitquam
777 2151 821 2202 tel
839 2151 908 2215 inula
927 2152 971 2203 vel
988 2152 1145 2216 splendoris
1163 2151 1228 2202 inde
1246 2153 1398 2202 vindicato.

857 2269 919 2319 v11.

350 2354 406 2405 Rex
433 2355 536 2406 Bneoioe
562 2354 703 2406 restituito
730 2352 796 2418 Regi
823 2354 970 2417 Regnoqns
992 2353 1113 2404 Polonias
1135 2360 1165 2406 et
1182 2355 1282 2419 Magno
1300 2355 1420 2405 Dueatul
1438 2355 1516 2405 Lith-

266 2441 363 2489 waniso
386 2443 502 2490 onnotas
524 2441 662 2499 eivitates,
680 2442 780 2498 eastra,
797 2437 902 2501 oppida
920 2442 949 2488 et
966 2440 1117 2499 territoria,
1136 2453 1196 2502 quie
1215 2441 1363 2502 occupavit
1380 2454 1415 2490 ae
1433 2444 1514 2490 tenet

265 2525 296 2574 in
317 2524 454 2586 Berussia,
471 2525 633 2574 nominatim
652 2522 806 2585 lllbingam,
824 2521 1035 2586 Marieborgnm,
1054 2522 1257 2580 Dersohaviam,
1275 2522 1392 2584 lissam,
1412 2524 1516 2573 Brnns·

266 2606 388 2670 bergam.
412 2608 643 2672 Franenburgum,
665 2606 807 2666 Stumium,
829 2606 1044 2671 Christbnrgom,
1062 2607 1200 2668 Wormitt,
1219 2605 1371 2667 Pandente,
1390 2622 1453 2657 eum
1471 2609 1514 2657 in·

267 2691 334 2742 solis
352 2696 381 2742 et
398 2692 547 2742 territoriis
565 2693 634 2750 suin
652 2705 685 2741 ao
703 2689 843 2740 demolitis
861 2690 1037 2741 munimentis
1055 2690 1090 2739 ad
1110 2690 1262 2740 Piilowium
1281 2704 1314 2741 ae
1332 2692 1434 2750 Hdvet,
1452 2707 1517 2756 por·

265 2780 325 2825 tom
343 2776 536 2826 Pillavlensem
555 2775 624 2825 Duoi
642 2775 784 2835 Bornssiae,
802 2773 950 2838 Neringam
969 2773 1181 2824 Gedonenaibos
1198 2774 1317 2824 reddito.

350 2860 419 2909 ltem
446 2860 588 2909 restituito
615 2859 707 2909 Birsas
734 2858 855 2923 Priueipl
883 2857 1055 2909 Radssvilio:
1074 2856 1259 2921 Semigalliam
1284 2872 1351 2909 vero
1373 2873 1436 2909 oum
1455 2863 1516 2912 suls
1608 2916 1609 2923 ,

267 2945 366 2992 oastds
392 2948 421 2992 et
442 2942 553 3006 oppidio
576 2941 716 3000 liithavia.
739 2942 989 3006 Bandsohenborgo
1008 2947 1038 2991 et
1055 2941 1218 3005 Seelsbnrgo
1236 2941 1305 2992 Duei
1323 2942 1517 2995 churlandin.

351 3026 476 3090 Denique
504 3028 646 3077 restituito
676 3025 771 3090 Bigam
799 3032 920 3077 oestrum
947 3032 988 3076 et¹
1002 3026 1143 3075 civitatem
1172 3040 1234 3077 oum
1262 3026 1342 3078 fluvio
1370 3042 1404 3078 ao
1431 3034 1514 3092 portu

266 3110 402 3170 Dunensi;
420 3116 479 3160 tum
497 3111 582 3161 etiam
600 3110 708 3174 reliqua
726 3114 827 3172 eastra,
841 3110 953 3175 oppida,
966 3111 1110 3161 territoria
1122 3110 1244 3161 livonia
1256 3114 1384 3175 (excepta
1397 3112 1518 3162 Batonis

265 3209 299 3246 se
325 3192 503 3245 Pernaviensi
530 3193 634 3253 traotu)
660 3208 709 3244 suo
736 3208 851 3259 quasque
878 3195 941 3244 dzno
969 3195 1094 3258 antiquo,
1120 3195 1221 3258 partim
1244 3194 1336 3257 Regno
1355 3194 1516 3259 Magnoque

265 3279 394 3338 Ducatui,
416 3278 516 3341 partim
535 3278 675 3329 nobilibus
693 3279 812 3338 Polenis,
830 3277 989 3338 lithwsnis,
1007 3277 1165 3336 Liveuibus,
1184 3279 1231 3341 qui
1249 3282 1298 3328 aut
1315 3292 1431 3341 quornm
1451 3292 1517 3329 eon·
1608 3334 1609 3345 γ

265 3361 408 3427 sanguinei
426 3363 508 3413 initio
526 3362 607 3413 buius
624 3362 691 3413 belii
710 3377 743 3413 ea
760 3362 821 3427 ipsa
838 3365 902 3412 toea
919 3366 948 3412 et
964 3361 1038 3413 bona
1057 3361 1247 3426 possederunt.

852 3479 925 3529 VIIL

350 3564 391 3615 Ne
417 3579 481 3616 vero
508 3565 605 3615 isthmo
630 3565 766 3614 benevola
787 3567 817 3613 et
834 3565 924 3613 amieo
940 3564 1081 3614 restitutio
1100 3565 1229 3627 oniquam
1247 3576 1350 3623 eorum,
1368 3567 1418 3626 qni
1435 3564 1516 3617 hisce

266 3650 345 3698 anuis
372 3649 401 3698 ln
426 3648 596 3698 deditionem
619 3652 838 3711 potestatemque
861 3647 943 3710 Regis
961 3646 1065 3699 Sueoim
1082 3654 1227 3709 tenerent,
1244 3651 1293 3696 ont
1310 3652 1406 3712 partes
1424 3649 1517 3713 ipsius

266 3733 368 3781 seotati
384 3735 457 3791 sunt,
475 3732 520 3780 vei
538 3731 693 3793 suspicione
712 3736 869 3792 onerantur,
886 3732 978 3781 iraudi
998 3732 1044 3793 sit,
1062 3730 1166 3781 ideireo
1180 3730 1236 3780 Rex
1250 3730 1379 3794 Polenixe,
1391 3732 1516 3783 Ordines

266 3814 352 3879 Regni
378 3829 411 3865 ae
434 3814 526 3878 iiagnl
549 3814 671 3864 Duoatus
689 3814 851 3865 Lithwaulm
869 3815 1023 3866 solenniter
1040 3818 1159 3865 ostento
1177 3819 1346 3876 eunotorom,
1365 3818 1414 3880 qni
1433 3821 1513 3868 resti·
1608 3820 1609 3823 ’

264 3902 387 3959 tuentur,
413 3902 442 3947 et
467 3897 630 3949 nominatim
657 3899 788 3963 ouinsque
812 3900 949 3959 civitatis,
967 3898 1079 3948 Ordlnis
1101 3912 1133 3948 ao
1151 3912 1328 3963 personarum
1347 3901 1515 3965 privilegiis,
1608 3896 1610 3915 ⁸

263 3981 379 4046 iuribus,
406 3981 635 4042 immunitatibus,
662 3983 783 4034 moribus
809 3989 838 4033 et
865 3982 1120 4042 consuetudinibus,
1147 3988 1230 4048 prout
1252 3985 1286 4034 iis
1307 3984 1450 4035 liberrime
1468 3987 1513 4035 usi
1608 3976 1609 4027 Ϊ

266 4072 331 4117 sunt
355 4071 419 4117 ante
443 4065 495 4117 hoo
516 4066 632 4126 bellum;
654 4080 707 4116 neo
726 4068 852 4131 cuiquem
871 4068 983 4131 publice
1001 4066 1166 4132 privatimve
1183 4067 1277 4118 fraudi
1294 4072 1354 4118 asto
1373 4074 1423 4117 aut
1441 4069 1514 4121 vitio
1608 4100 1609 4103 =

266 4150 390 4209 vertitor,
407 4151 481 4214 quod
498 4150 550 4199 sub
569 4151 683 4214 imperio
702 4151 815 4202 Sneoloo
833 4165 862 4200 se
881 4150 1011 4214 prasenti
1030 4166 1120 4203 rerum
1140 4154 1224 4203 statui
1242 4151 1467 4203 accommodarit

861 4266 910 4318 lx.

347 4350 483 4414 Religioni
501 4350 675 4414 Evangelieae
692 4352 860 4414 Augusteum
879 4352 1067 4404 Oouiessionis
1084 4351 1188 4415 templa
1205 4365 1264 4402 enm
1278 4353 1334 4404 suis
1347 4355 1512 4404 attinentiis
1608 4322 1609 4329 ἵ

264 4447 281 4483 e
299 4432 370 4497 Rege
389 4434 494 4485 Sneelae
512 4435 658 4497 attributa,
676 4435 839 4486 nominatim
851 4439 880 4486 iu
893 4437 1007 4487 orbibus
1018 4436 1169 4487 maioribus
1184 4435 1310 4500 Blblnga,
1322 4438 1514 4500 ldarieburgo,

265 4516 439 4580 Dersohavia,
470 4518 547 4581 Ripa,
582 4519 704 4583 Derpato
734 4524 819 4585 atque
846 4521 929 4570 etiam
956 4534 1027 4581 rure,
1055 4522 1179 4584 inprimis
1205 4522 1233 4570 in
1260 4524 1377 4584 utroque
1405 4522 1512 4582 Insula,

265 4601 363 4652 lialeri
389 4606 418 4652 et
443 4603 642 4664 Fisehariensi,
668 4608 753 4669 atqua
776 4603 843 4657 alibi
867 4606 989 4655 eiusdem
1012 4605 1154 4668 religionis
1174 4605 1307 4655 exereitio
1325 4618 1417 4667 neque
1436 4619 1513 4655 nune
1608 4660 1609 4681 χ

264 4697 355 4747 neque
372 4687 400 4736 ln
419 4686 542 4737 intorem
562 4689 750 4751 perturbando
768 4688 970 4752 relinquuntur.
