3288 5330
332 433 395 495 424

286 742 363 797 229.
400 740 473 825 '1'111'
489 740 596 796 Isevin
618 754 686 796 von
707 738 789 799 dem
810 738 1024 796 Knesebeok.
1071 739 1199 808 mbtng
1220 740 1254 796 d.
1274 741 1316 796 28
1335 741 1416 797 Deo.
1437 742 1533 797 lonc.

286 956 345 1005 Hsr
370 957 502 1018 motteglt
528 953 598 1004 hans
624 953 752 1003 ursukter
778 955 896 1005 rdrande
923 955 1102 1016 Pangsrwlts'
1125 955 1306 1019 sungeneksp,
1326 954 1462 1005 torbodet
1479 960 1535 1005 mot

370 1039 501 1088 tlllforsel
527 1040 572 1087 tut
595 1038 765 1088 svenskarne
788 1038 840 1088 och
862 1039 1022 1098 otdrrdtter,
1041 1054 1098 1089 som
1116 1039 1228 1102 begdtts
1246 1046 1303 1088 mot
1323 1039 1384 1088 dem
1403 1041 1413 1089 l
1431 1040 1533 1103 bertig-

371 1123 476 1176 domet:
495 1122 666 1184 Pangsrwtts
685 1122 778 1172 kunde
797 1122 823 1185 ej
843 1123 943 1185 begstt
960 1123 1052 1187 nigon
1071 1123 1181 1173 entrare
1199 1124 1341 1182 tossen-e,
1359 1122 1396 1172 ds
1414 1138 1478 1173 men
1496 1138 1533 1173 nn

371 1207 449 1257 sdkte
477 1206 557 1256 looks
584 1206 684 1256 honom
711 1207 789 1257 diser
806 1209 852 1256 tlll
870 1207 1048 1257 knrturstons
1065 1207 1167 1268 tienst:
1185 1210 1237 1257 sltt
1253 1221 1317 1257 star
1333 1209 1343 1257 1
1360 1208 1449 1271 otrtgt
1467 1223 1534 1272 upp-

373 1290 479 1353 skinter
505 1290 646 1349 huelem,
672 1291 733 1341 tllls
758 1292 814 1342 tan
840 1293 955 1341 erhdlllt
973 1292 1055 1341 stker
1078 1292 1280 1344 underrsttelse
1299 1302 1342 1343 otu
1361 1293 1534 1343 kuninrstens

370 1375 506 1433 aukomst,
524 1374 553 1423 at
572 1374 683 1424 hvilken
702 1374 757 1425 han
775 1376 919 1440 hoppsdes
939 1378 1022 1426 vinna
1039 1376 1161 1427 rittelse.

768 1505 939 1592 Magnifice
962 1507 1055 1570 Dme.

370 1620 526 1686 Reddidit
550 1622 632 1685 mihi
660 1623 715 1686 abs
743 1636 775 1687 te
798 1623 851 1687 hic
873 1624 1005 1688 tubicen
1028 1623 1148 1700 literas,
1170 1623 1288 1709 quibus
1311 1621 1531 1689 detentionem

286 1721 497 1808 Pangervitii,
521 1721 732 1788 interdictum
756 1723 796 1786 de
818 1746 881 1787 non
905 1723 1109 1789 divendendo
1131 1723 1328 1787 nostratibus
1350 1739 1532 1789 commeatu

285 1823 467 1910 Regentum
500 1822 669 1900 Borussiae,
703 1846 740 1887 ac
773 1822 912 1910 denique
944 1824 1142 1889 nostratibus
1174 1825 1208 1888 in
1235 1824 1426 1910 quibusdam
1455 1848 1532 1911 pne·

285 1922 420 1987 fecturis
457 1923 602 1987 Ducatus
633 1923 743 1988 illatus
775 1924 908 2009 injurias
942 1948 1077 1989 excusas
1088 1927 1125 2007 ¹).
1181 1928 1333 2012 Agnosco
1366 1948 1409 1989 ex
1442 1924 1531 1989 bisce

286 2023 385 2088 animi
418 2022 466 2088 tui
496 2024 657 2088 sincerum
684 2023 846 2103 effectum,
869 2048 1043 2090 memorem
1067 2032 1186 2103 eorum,
1210 2048 1342 2112 quorum
1367 2039 1400 2088 te
1422 2048 1529 2089 coram

286 2124 454 2204 admonui3
475 2126 612 2211 ideoque
635 2126 713 2189 licet
735 2140 791 2190 tua
813 2126 1035 2213 promptitudo
1059 2124 1139 2191 mihi
1162 2140 1329 2211 utcunque
1344 2126 1529 2203 satisfaciet,

285 2239 392 2290 tamen
426 2226 599 2311 quominus
625 2225 667 2289 iis
690 2227 901 2312 acquiescam,
925 2227 1031 2291 obstat
1053 2228 1133 2292 fides
1156 2225 1387 2311 servitiumque
1411 2250 1529 2300 meum,

286 2349 349 2413 quo
372 2326 402 2389 S.
427 2327 464 2390 R.
489 2326 560 2390 Mei
582 2327 656 2391 dzno
679 2350 751 2391 meo
773 2328 1024 2393 clementissimo
1042 2328 1232 2413 obstringor,
1249 2341 1282 2391 et
1297 2326 1441 2391 amicitis
1456 2351 1529 2392 cum

287 2427 419 2493 Ducalis
441 2427 598 2492 Bonussiae
620 2428 784 2515 indigenis
807 2428 962 2493 hactenus
985 2427 1108 2492 sincere
1132 2441 1267 2492 servate.

369 2527 503 2592 Etenim
527 2528 788 2614 Pangervitium,
800 2528 827 2591 si
850 2528 927 2614 quid
952 2552 1057 2593 errore
1077 2529 1290 2593 commisisset
1304 2529 1406 2615 (quod
1422 2544 1529 2594 tumen

285 2628 482 2693 commisisse
514 2652 577 2692 non
611 2628 783 2710 intellexi),
816 2626 879 2693 alia
911 2629 1007 2694 facile
1030 2630 1113 2694 ratio
1139 2629 1255 2694 fuisset
1280 2630 1414 2694 inventu
1436 2632 1529 2695 casti·

285 2729 393 2817 gandi,
428 2753 523 2816 quam
557 2736 629 2794 cum
664 2742 852 2816 contemptu
888 2753 924 2794 ac
957 2730 1098 2794 ludibrio
1127 2730 1157 2794 S.
1185 2730 1222 2794 R.
1251 2731 1338 2794 Mttis
1360 2731 1428 2795 dzni
1451 2732 1528 2811 mei3

285 2831 411 2895 nullum
446 2852 523 2894 vero
556 2852 653 2916 grave
685 2833 806 2896 crimen
840 2831 1045 2895 commissum
1078 2852 1157 2909 esse,
1190 2854 1293 2895 exeo
1319 2845 1421 2917 patet,
1444 2834 1528 2920 quod

284 2932 423 3019 eundem
442 2950 582 2995 'carcere
616 2930 783 2995 dimissum
818 2932 951 2997 servitio
977 2932 1170 2997 serenissimi
1200 2932 1357 2997 Electoris
1381 2933 1528 2999 addicere

286 3033 393 3097 conati
427 3031 500 3096 sint.
556 3032 605 3097 De
639 3033 812 3097 interdicto
841 3047 875 3097 et
900 3033 933 3097 id
953 3055 1070 3121 genus
1094 3033 1165 3097 aliis
1187 3031 1270 3096 nihil
1292 3056 1378 3097 nunc
1401 3056 1529 3122 respon·

285 3133 378 3210 debo,
412 3156 541 3219 sperone
575 3132 777 3198 serenissimo
811 3133 958 3197 Electore
993 3135 1185 3209 adventante
1213 3147 1529 3220 cuncts,quaecu1n

286 3234 428 3298 amicitia
461 3234 491 3297 S.
520 3235 557 3298 R.
582 3234 670 3297 Meis
693 3258 729 3298 ac
751 3234 854 3320 ipsius
877 3235 1065 3299 Serenitatis
1087 3235 1238 3299 videntur
1260 3257 1416 3322 pugnare,
1439 3237 1528 3300 nullo

286 3334 420 3421 negotiov
449 3334 531 3413 tolli,
565 3357 602 3398 ac
634 3358 675 3399 ne
705 3336 738 3398 in
761 3350 925 3421 posterum
949 3336 1200 3413 committantur,
1225 3337 1397 3422 pnaecsveri
1421 3354 1526 3423 posse:

286 3449 342 3499 eut
373 3435 545 3499 si⁴Serztis
576 3435 678 3523 ipsius
698 3435 870 3525 ¹aduentus
903 3437 1000 3501 certis
1027 3460 1070 3500 ex
1092 3437 1195 3500 causis
1217 3436 1395 3513 differatur,
1419 3436 1528 3500 videor

288 3535 368 3599 mihi
391 3535 581 3622 dignoscere
604 3534 784 3600 ex'litteris
806 3537 880 3610 tuis,
903 3536 1001 3601 hosce
1022 3536 1202 3623 Regentum
1216 3551 1308 3601 actus
1322 3560 1386 3600 non
1403 3536 1527 3623 placere

285 3636 487 3700 serenissimo
510 3636 671 3714 Electori,
687 3650 783 3722 atquc
803 3638 878 3702 ideo
894 3661 951 3724 por
965 3637 1192 3703 inhibitionem
1208 3639 1278 3703 tolli
1295 3660 1398 3725 posse.
1434 3637 1527 3702 Cum·

286 3760 348 3824 que
371 3736 542 3800 coniiciam
566 3751 597 3801 te
621 3760 685 3801 una
707 3739 930 3816 adventurum,
947 3738 1094 3804 differam
1110 3738 1172 3802 hoc
1187 3738 1340 3826 quicquid
1356 3751 1414 3816 cst,
1427 3741 1526 3803 donec

285 3836 366 3901 mihi
388 3837 570 3902 constiterit
592 3840 632 3902 de
655 3862 782 3904 accessu
807 3839 917 3904 Sentis
933 3840 1044 3926 ipsius.
1079 3840 1178 3904 Hisce
1194 3851 1225 3902 te
1242 3839 1311 3903 Deo
1327 3839 1525 3905 commendo.

286 3937 453 4003 Dabuntur
475 3937 623 4026 Elbingae
645 3939 697 4003 dic
720 3941 760 4005 28
785 3941 936 4005 Decemb.
962 3946 1023 4005 A:0
1047 3942 1139 4006 1626.

370 4062 482 4110 Axslius
500 4059 686 4112 Oxenstterna
706 4066 756 4111 sto.

962 4159 1098 4244 Magnis.
1122 4174 1184 4223 tuse
1207 4158 1444 4223 addictissimus

974 4259 1110 4324 Axelius
1133 4258 1345 4324 Oxenstierna
1368 4283 1433 4345 mp.

370 4428 390 4487 ¹)
408 4432 421 4480 Ι
440 4431 660 4481 Oxenstlernska
678 4434 830 4496 samlingen
849 4432 937 4481 finoss
956 4436 991 4481 de
1008 4439 1110 4483 tvenne
1127 4446 1179 4481 ton
1193 4431 1255 4481 dem
1268 4431 1447 4481 Knesebecks
1458 4431 1525 4489 bret,

286 4539 342 4588 dat.
362 4541 430 4590 coln
449 4555 484 4590 an
503 4540 553 4589 der
570 4540 653 4605 Spree
672 4543 697 4590 d.
717 4540 749 4607 ᾗ
767 4543 831 4592 Dec
853 4544 916 4589 1626
936 4542 988 4591 och
1007 4544 1148 4604 mottagna
1166 4544 1177 4592 l
1195 4542 1295 4604 Elbing
1311 4512 1336 4621 ’ἐ
1344 4513 1476 4621 ff,
1490 4539 1525 4601 1¹³

285 4648 379 4699 hvilka
398 4650 478 4699 detta
495 4651 547 4700 och
565 4651 690 4714 toljande
709 4654 807 4714 utgdra
825 4665 931 4700 svaran.
