3212 5352
1206 447 1267 513 179

69 613 229 678 commode
263 614 368 702 possis
399 614 519 679 intrsre
546 636 565 678 e
591 614 740 693 Livonia,
763 612 826 678 nisi
849 614 998 701 persius
1021 615 1310 693 territorium,nec

69 727 168 779 tatum
203 713 247 780 sit
280 727 421 779 castrum
454 715 516 780 boc
546 739 563 779 a
590 728 683 803 tergo
706 714 896 801 relinquere,
918 715 1076 780 insessum
1099 715 1211 780 hostili
1232 738 1310 803 prae-

69 812 153 880 sidio.
209 815 477 881 Adservsbentur
509 828 660 903 praeteres
691 816 726 880 iu
754 815 814 880 hoc
840 827 943 880 cestro
965 815 1128 903 praecipue
1148 828 1310 882 tormenta

69 914 178 981 bellica
210 916 342 996 maiora,
375 915 491 1003 quibus
523 916 639 980 Poloni
671 917 720 981 uti
753 928 903 1004 poterant
928 918 1097 981 sdversum
1120 940 1188 997 noa,
1211 910 1309 1005 etque

69 1018 130 1103 ipse
151 1016 364 1097 dezivilius,
386 1030 423 1082 ut
444 1018 513 1083 dux
535 1017 697 1083 exercitus
719 1016 918 1095 Lithvanici,
941 1017 1065 1104 primus
1087 1018 1218 1083 futurus
1241 1030 1310 1084 aret

69 1117 98 1180 in
124 1118 194 1182 scie
222 1117 392 1183 adversum
413 1141 481 1183 nos.
524 1118 730 1205 Quapropter
751 1117 782 1182 S.
805 1119 843 1182 R.
866 1116 972 1196 M:tas‚
995 1130 1033 1182 ut
1055 1120 1223 1184 securitati
1244 1141 1309 1184 suoe

70 1219 261 1304 prospiceret
282 1219 450 1306 magisque
474 1218 607 1284 haberet
629 1218 837 1283 Lithvanism
854 1217 916 1284 sibi
932 1218 1106 1284 obnoxiam
1122 1232 1309 1307 certumque

69 1317 167 1383 locum
201 1319 374 1399 obtineret,
406 1319 492 1384 unde
526 1319 736 1384 Lithvaniam
768 1319 936 1385 infestaret
969 1333 1003 1384 ct
1030 1320 1070 1385 ed
1092 1322 1197 1406 justas
1219 1320 1309 1407 pacis

70 1420 270 1485 condiciones
293 1419 446 1507 adigeret,
469 1421 579 1485 Birssa
602 1420 664 1484 sibi
686 1419 920 1507 oppugnandos
943 1420 1079 1486 censuit.
1120 1420 1191 1486 Nec
1213 1421 1310 1486 desti·

69 1521 126 1585 tuit
156 1521 270 1586 divina
296 1520 468 1586 clementia
495 1520 630 1584 consilis
656 1533 778 1585 nostra:
805 1519 859 1585 die
882 1521 968 1586 enim
991 1522 1057 1586 bzto
1080 1522 1120 1586 ab
1143 1522 1308 1587 obsidione

70 1636 163 1708 ccpts,
187 1634 360 1708 postquem
382 1622 474 1686 miles
496 1633 606 1685 noster
626 1621 727 1685 fossas
744 1620 827 1686 binis
842 1621 923 1686 locis
937 1621 1085 1687 duxisset
1100 1636 1134 1688 ct
1149 1623 1188 1687 ad
1203 1623 1308 1710 ipsam

70 1723 153 1787 castri
178 1723 301 1787 fossam
324 1734 357 1788 et
371 1722 491 1786 vallum
508 1735 715 1808 penetrasset,
731 1722 841 1787 dedito
856 1722 1059 1787 munimento
1075 1724 1172 1810 potiti
1187 1746 1307 1789 sumus.

141 1823 280 1888 Interim
317 1834 425 1887 actum
460 1823 545 1888 inter
580 1846 631 1889 mc
668 1836 702 1887 et
738 1823 921 1888 Palatinum
955 1824 1234 1889 Macislavienaem
1267 1824 1307 1889 de

71 1946 234 2012 congressu
263 1924 563 2004 commissariorum,
591 1924 687 1988 sicuti
709 1922 770 1988 hoc
793 1947 835 1988 ex
857 1924 1018 1989 adiunctis
1040 1924 1206 1989 literarum
1228 1925 1308 1989 utri·

71 2046 160 2111 usque
193 2038 464 2090 commutatatum
498 2024 738 2111 exemplaribus
771 2023 895 2090 videbis
908 2024 944 2107 1).
999 2025 1072 2111 Ego
1101 2022 1198 2090 sicuti
1224 2024 1308 2090 nihil

72 2126 253 2211 sperandum
282 2137 370 2212 puto,
398 2125 584 2213 intelligens
609 2125 705 2190 facile
727 2124 937 2190 difficultates
960 2138 993 2189 et
1016 2139 1213 2211 arguments,
1236 2149 1308 2213 quae

72 2224 219 2291 Polonum
253 2225 423 2291 adversum
455 2249 514 2291 noa
547 2226 720 2305 concitant,
752 2227 800 2290 ita
831 2249 892 2290 neo
918 2227 1153 2312 desperandum
1176 2228 1307 2291 omnino

72 2327 222 2407 existimo,
256 2350 332 2391 cum
365 2339 483 2392 statum
516 2350 624 2392 rerum
653 2327 774 2392 rectius
796 2326 974 2413 perpend03
997 2327 1176 2414 dequibus
1198 2341 1307 2392 tamen

72 2428 163 2512 prims
196 2428 367 2493 occasione
399 2427 493 2515 pluro
525 2440 560 2492 et
584 2428 730 2492 certiora.
775 2427 867 2506 Vale,
890 2428 941 2491 vir
963 2428 1095 2514 optime.
1140 2428 1308 2493 Debentur

11 2550 12 2597 Q
72 2529 210 2594 ecastris
233 2528 333 2615 regiis
355 2528 395 2593 ad
418 2529 526 2593 Birzas
549 2529 602 2594 dic
624 2531 654 2593 4.
678 2527 841 2615 Septemb.
865 2530 963 2593 Anno
987 2528 1079 2594 1625.

723 2645 862 2732 Magnif.
885 2658 949 2710 tuae
972 2646 1224 2711 studiosissimus

749 2747 889 2811 Axelius
912 2747 1109 2813 Oxenstiem
1131 2770 1196 2834 mp.

145 2890 167 2937 A
184 2892 276 2951 tergo:
295 2884 422 2937 Reddttae
441 2887 526 2952 Hagas
544 2886 658 2937 Comitis
677 2883 709 2951 id
728 2885 826 2935 Octob.
846 2886 906 2935 cod.
925 2901 1005 2935 anuo.

146 2989 225 3039 Elter
254 2988 444 3052 egenh'a'ndlgt
465 2976 594 3050 'koncept
623 2987 633 3035 1
659 2986 844 3045 lesarklvet,
873 2986 1007 3050 jtmlordt
1032 2987 1096 3037 med
1122 2987 1272 3051 origlnelst
1297 2990 1308 3037 1

74 3070 194 3122 collectio
221 3072 370 3134 Cameren,
397 3072 543 3122 Mdnchen.
587 3070 674 3119 Fbrut
699 3069 794 3133 tryckt
817 3070 868 3119 hoa
890 3071 1009 3130 Moser,
1033 3072 1110 3121 Patr.
1130 3071 1242 3133 Archiv,
1259 3071 1307 3132 VI,

74 3153 118 3204 sld.
135 3160 172 3204 tl.

74 3525 122 3582 88.
159 3528 227 3586 'fill
247 3528 280 3586 J.
302 3530 466 3599 Butsssrs.
627 3528 753 3597 herrat
774 3526 830 3583 vid
850 3526 973 3583 Birsen
995 3527 1029 3583 d.
1052 3529 1074 3583 6
1094 3529 1189 3597 sept.
1211 3528 1306 3585 1025.

75 3704 188 3774 Bedogor
203 3711 213 3760 i
230 3711 346 3762 korthet
362 3710 552 3779 ldrlfslttbget
565 3716 624 3761 mot
636 3710 757 3769 Liflaud3
774 3708 991 3773 nsmgtngarna
1003 3709 1055 3758 dtr
1067 3708 1118 3759 och
1131 3710 1142 3758 l
1154 3708 1305 3767 Lithausn;

146 3796 245 3845 sinder
272 3796 372 3860 koplor
398 3795 428 3844 st
455 3794 689 3860 skriltvexllngen
714 3794 778 3843 med
800 3792 1007 3843 'l'ieaenhauseu
1029 3792 1080 3842 och
1099 3792 1221 3843 skumtn.
1257 3794 1306 3842 Be·

146 3879 241 3943 klsgar
258 3878 303 3929 Bza
322 3879 461 3942 siukdom3
479 3879 697 3942 vsldasknlngsr
714 3878 760 3927 tor
775 3877 845 3926 hans
864 3876 1081 3926 tilllrlsknande.

226 3964 255 4013 P.
278 3963 304 4013 8.
348 3963 403 4013 Ber
423 3963 524 4012 honom
548 3962 713 4026 ombesdrja,
731 3965 782 4022 att,
799 3974 842 4010 om
861 3963 919 4010 mot
936 3960 1125 4024 fdrhoppnlng
1142 3959 1306 4023 siukdomcn

146 4047 215 4112 finge
243 4062 279 4099 en
306 4047 402 4112 dodlig
427 4047 539 4111 utgbng,
565 4048 636 4097 hans
662 4059 767 4111 pappcr
789 4045 909 4095 rorando
932 4045 1051 4094 svenska
1069 4044 1306 4108 angelbgenheter

146 4134 350 4195 tsslraratogea3
368 4131 519 4193 lbrabkrar,
537 4134 581 4181 att
598 4131 654 4180 han
673 4130 698 4193 ei
719 4129 806 4180 akulle
824 4129 884 4178 ltds
902 4128 993 4192 sigon
1010 4129 1111 4178 torluat
1128 4127 1166 4191 pt
1180 4127 1236 4187 lin,
1249 4127 1306 4176 hen

146 4217 227 4280 gilrlt
244 4216 385 4266 kanslern.

532 4325 741 4392 Nobilissime
763 4325 833 4390 Vir.

149 4428 274 4495 Vellem
307 4440 341 4493 te
373 4427 413 4493 de
445 4441 532 4493 statu
560 4450 666 4492 rerum
691 4439 871 4493 nostrarum
894 4424 1068 4490 informare
1092 4424 1241 4503 ubertim,
1265 4446 1306 4489 ne

78 4524 137 4593 cius
155 4552 237 4597 esses
260 4530 403 4617 ignarus,
426 4530 482 4596 sed
504 4542 553 4595 tot
575 4552 626 4595 me
649 4526 785 4615 negocia
806 4525 1047 4591 circumsistunt
1068 4527 1103 4591 in
1125 4525 1185 4593 hac
1207 4525 1306 4613 Regis

149 4665 167 4731 ¹)
184 4672 216 4722 Sc
235 4672 320 4721 otras
338 4669 389 4719 Νεο
408 4672 515 4730 72-74,
534 4672 565 4717 77
585 4668 637 4718 och
655 4671 687 4717 84
706 4668 770 4717 med
787 4670 876 4717 noter.
