3264 5354
354 470 393 535 62

310 636 445 700 consilia
477 659 533 701 sna
559 637 684 702 fortiter
706 660 743 701 ac
766 637 941 723 prudenter
963 652 1112 723 suscepta
1134 637 1305 702 disturbari
1327 651 1416 703 etse
1438 662 1458 701 a
1481 638 1520 702 ‘i‘
1548 674 1562 685 -

310 737 406 801 dere*
430 752 538 802 nostro
561 737 700 803 abstrahi
725 738 897 824 patiantur,
919 738 1021 802 salsus
1043 760 1124 801 sum.

395 838 516 903 Verum
549 854 627 910 eata,
661 839 694 902 id
728 840 812 924 quod
847 839 980 902 summis
1013 839 1097 903 votis
1128 839 1287 902 contendo
1314 840 1427 926 magis,
1456 862 1561 926 quam

309 960 411 1024 spero,
448 952 564 1004 cuncta
596 940 662 1003 haee
696 939 804 1003 animo
837 939 1010 1024 collapsam
1044 962 1110 1003 rem
1145 953 1177 1003 et
1210 940 1328 1004 amicos
1360 941 1561 1005 restituendi

306 1039 506 1125 jurandique
536 1039 619 1119 fieri3
642 1062 760 1127 scapua
782 1065 801 1105 a
821 1053 853 1104 te
877 1040 1089 1116 collaudatus,
1112 1040 1198 1104 aulus
1221 1041 1373 1104 nimirum
1397 1042 1512 1126 populi
1539 1066 1562 1105 a

310 1140 452 1223 tyrannis
482 1141 624 1227 oppressi
652 1154 685 1204 et
706 1140 864 1205 libertatis
885 1142 952 1205 fere
976 1140 1097 1205 amissae
1120 1141 1305 1217 vindicati0,
1329 1142 1408 1206 adeo
1433 1142 1560 1228 *Regis

310 1240 392 1304 mei‘
415 1240 538 1326 pectori
561 1241 690 1318 insedit,
713 1256 749 1305 ut
770 1265 834 1306 non
857 1243 899 1306 sit
920 1256 985 1305 tarn
1008 1241 1176 1318 sollicitus,
1200 1241 1278 1328 quid
1299 1241 1354 1306 alii
1368 1242 1560 1319 intendant,

310 1355 365 1404 aut
388 1342 525 1427 quasia
547 1366 583 1406 ao
605 1343 716 1407 ordine
739 1342 781 1406 sit
803 1342 1084 1430 progrediendum,
1107 1342 1202 1407 modo
1220 1343 1258 1406 ad
1273 1343 1560 1407 conservationem

307 1464 412 1506 rerum
450 1443 669 1507 communium
706 1443 842 1530 quisque
855 1445 882 1520 ¹)
918 1443 1071 1508 collimet.
1127 1443 1159 1507 Si
1198 1443 1288 1507 *Rex
1328 1443 1457 1508 Daniae'
1496 1459 1560 1508 aut

309 1542 479 1628 quisquam
506 1544 588 1608 alius
613 1544 817 1608 imminentia
841 1567 859 1607 a
882 1544 1061 1608 Pontificiis
1084 1545 1226 1629 pericula
1249 1568 1444 1630 suorumque
1467 1546 1559 1608 cala·

310 1643 437 1708 miratos
459 1646 540 1709 tanti
563 1645 750 1709 aestimasset
772 1645 918 1723 antehac,
941 1660 977 1709 ιιι
1000 1668 1033 1708 se
1049 1667 1204 1732 suamque
1220 1645 1358 1709 salutem
1375 1646 1557 1731 periclitari

310 1768 365 1828 pro
399 1745 561 1809 communi
595 1746 678 1809 bono
710 1745 876 1821 voluisset,
911 1746 940 1809 S.
974 1746 1011 1810 R.
1046 1746 1140 1810 Μιιιιε
1170 1746 1318 1809 dominus
1344 1769 1434 1810 meua
1456 1747 1557 1810 illum

308 1868 472 1932 nunquam
507 1847 559 1911 vel
591 1846 833 1932 impediendum
867 1847 919 1910 sel
952 1847 1176 1911 retrahendum
1212 1859 1369 1932 putasset3
1397 1870 1456 1910 uec
1484 1861 1557 1912 tam

310 1970 458 2033 prospere
494 1964 597 2034 oaepta
632 1947 801 2012 succedere
837 1947 1029 2034 potuissent,
1066 1947 1145 2033 quin
1178 1970 1304 2033 semper
1337 1948 1558 2034 prosperiores

307 2070 472 2112 successus
494 2071 780 2132 comprecaremar,
803 2049 941 2113 scientes
962 2048 1059 2112 etiam
1077 2062 1185 2112 nostra
1200 2049 1365 2124 interesse,
1381 2072 1448 2112 rern
1465 2072 1558 2113 com·

308 2171 437 2213 munem
460 2149 576 2212 servsri
601 2172 636 2212 ao
660 2149 902 2214 Pontificiomm
924 2150 1075 2214 victorias
1098 2149 1179 2214 sisti.
1224 2149 1312 2214 ldem
1335 2162 1385 2213 est
1406 2151 1557 2234 proposi-

307 2261 375 2312 tum
410 2250 595 2335 etiamnum,
629 2250 715 2314 idem
750 2249 888 2329 animus;
922 2274 1026 2336 neque
1060 2250 1094 2313 in
1127 2274 1166 2315 eo
1195 2264 1328 2325 tantum,
1352 2262 1389 2313 ut
1410 2250 1443 2313 id
1467 2249 1557 2313 alius

307 2351 520 2436 aggrediatur,
554 2351 609 2414 sed
642 2351 669 2414 si
704 2350 794 2414 ’Rex
828 2351 958 2414 Danioe'
988 2373 1117 2415 causum
1144 2373 1346 2415 communem
1373 2374 1431 2437 per
1454 2352 1556 2415 *Ger-

307 2451 465 2514 maniam*
500 2452 663 2516 vindicare
697 2451 846 2527 voluerit,
876 2452 906 2515 Sa
934 2453 971 2516 R.
996 2452 1091 2516 Mass
1115 2474 1177 2515 non
1201 2451 1374 2517 difficulter
1394 2451 1457 2515 sibi
1480 2475 1556 2538 per·

308 2552 434 2615 suaderi
469 2551 617 2637 patietur,
645 2564 681 2616 ut
703 2553 835 2617 eandem
861 2576 917 2637 ρει
940 2551 1128 2617 ῬοΙοιιίιιιιι
1151 2552 1383 2637 8ἰ1ειίιιιι*(]ιιε
1406 2551 1557 2617 adserere

307 2664 441 2716 conetur
474 2667 570 2738 atque
603 2653 638 2717 id
671 2652 851 2731 consilium,
878 2654 918 2718 de
947 2677 1011 2739 quo
1033 2653 1205 2739 aliquoties
1228 2665 1336 2716 tecam
1360 2665 1467 2717 actum
1491 2667 1555 2730 est,

307 2767 490 2817 reassumat.
548 2755 616 2818 Nec
648 2754 800 2842 displicet
834 2754 1006 2819 'Araruioi‘
1035 2766 1068 2817 et
1090 2753 1284 2817 *Ordinum*
1308 2754 1490 2833 consilium,
1516 2768 1557 2818 ιιι

306 2853 442 2939 quisque
476 2855 601 2942 Regum
636 2871 669 2920 et
701 2879 791 2920 meas
821 2870 854 2919 et
877 2856 1028 2919 'Deniae'
1052 2855 1266 2919 informentur
1287 2855 1327 2918 de
1351 2853 1482 2919 alterius
1504 2855 1555 2918 in·

307 2953 462 3033 tentione,
497 2956 579 3020 addo
613 2971 646 3020 et
673 2956 743 3031 hoc,
767 2971 803 3020 ut
824 2957 909 3020 inter
931 2979 965 3020 ee
988 2955 1140 3019 uniantur
1161 2970 1195 3020 ct
1216 2954 1350 3019 consilia
1372 2958 1556 3019 eommuni-

306 3069 394 3135 cent3
428 3056 544 3121 deinde
579 3070 614 3121 ut
647 3058 781 3144 oequalia
814 3056 958 3122 subsidia
986 3056 1248 3120 aconsaederutis
1272 3055 1399 3141 utrique
1422 3055 1554 3142 Regum

307 3158 437 3236 dentur;
471 3171 541 3221 tum
575 3172 610 3222 ut
643 3158 778 3245 quisque
812 3181 870 3221 suo
900 3158 1045 3222 exercitu
1069 3155 1301 3243 progrediatur,
1325 3156 1415 3220 *Rex
1438 3159 1554 3221 meus⁸

306 3280 363 3342 per
387 3259 594 3323 *Poloniam*
618 3259 652 3323 in
676 3259 863 3323 'Sileeiam'
887 3259 1094 3334 contendens,
1117 3257 1206 3321 *Rex
1228 3257 1359 3321 Daniae*
1378 3280 1437 3343 per
1454 3257 1554 3321 *Ger-

308 3361 465 3424 maniam'
488 3360 521 3423 in
547 3360 819 3438 *Palatinatum*;
845 3360 985 3445 denique
1008 3372 1044 3423 ut
1066 3372 1152 3423 arcta
1175 3358 1401 3422 cousaederatio
1423 3359 1555 3423 ineatur

306 3460 390 3523 inter
423 3483 543 3532 omnes,
577 3461 633 3546 qui
662 3461 725 3525 huc
750 3460 959 3546 propendent,
983 3475 1015 3525 et
1038 3459 1064 3523 si
1089 3460 1286 3523 'Austriaeae
1307 3460 1441 3523 domus*
1464 3460 1553 3523 vires

306 3558 466 3624 distracta
493 3562 623 3639 suerint,
653 3562 908 3649 '‘Belgium''que
932 3560 1018 3626 hisce
1042 3561 1193 3625 oneribus
1215 3560 1398 3635 liberatum,
1422 3575 1457 3623 ut
1481 3574 1551 3624 tum

307 3660 408 3745 copiis
438 3662 514 3737 suis,
542 3664 566 3726 si
596 3663 713 3748 quibus
736 3684 842 3726 carere
865 3678 1008 3746 possunt,
1032 3661 1251 3726 laborantibus
1274 3673 1468 3736 succurrant,
1492 3683 1552 3725 nee

307 3784 417 3846 pacem
439 3785 498 3826 nec
521 3764 675 3839 inducias,
699 3763 761 3827 uisi
784 3762 909 3826 eunctis
932 3762 1184 3848 comprehensis,
1205 3762 1326 3825 ineunt,

391 3863 468 3928 Haec
491 3887 554 3927 uon
577 3864 757 3950 displicent,
782 3878 819 3927 ut
841 3863 921 3941 dixi,
938 3862 968 3927 S.
985 3864 1022 3927 R.
1040 3863 1119 3931 Mai.
1152 3866 1200 3926 At
1215 3863 1299 3948 quod
1315 3862 1551 3926 commissarios

306 3987 378 4027 suos
406 3965 500 4051 plene
527 3965 566 4028 de
590 3965 678 4028 hicce
700 3987 763 4028 non
789 3964 930 4050 potuerit
953 3966 991 4029 ad
1016 3965 1232 4050 praescriptam
1256 3964 1342 4027 diem
1365 3962 1550 4039 informare,

307 4076 344 4127 ut
372 4066 594 4150 transigerent,
621 4088 748 4129 eausam
771 4066 867 4130 facile
891 4067 992 4142 vides,
1015 4066 1098 4152 quod
1122 4064 1284 4128 insisteret
1306 4063 1551 4128 condicionibus

306 4165 432 4229 faederis
467 4166 640 4251 ⁴'Speusio'*
676 4181 709 4231 et
742 4167 922 4231 *Bellinio*
956 4165 1144 4253 propositis3
1177 4187 1283 4248 neque
1312 4165 1393 4228 hanc
1421 4164 1550 4228 consilii

307 4267 516 4329 mutationem
555 4267 728 4351 praevidere
765 4268 916 4353 potuerit.
972 4268 1077 4331 Tuum
1112 4288 1197 4329 nuno
1230 4265 1292 4329 erit
1325 4288 1458 4350 quasque
1491 4287 1550 4328 suo

307 4366 377 4429 loco
412 4367 605 4443 meminisse,
639 4381 671 4431 et
704 4369 772 4432 sive
807 4370 898 4433 *ch
932 4366 1125 4432 Britanniae*
1154 4391 1190 4431 ac
1213 4365 1311 4432 ceteri
1335 4365 1479 4428 saedcrati
1501 4364 1550 4427 di·

306 4468 480 4531 rectionem
515 4467 615 4530 torius
648 4467 724 4531 belli
752 4470 926 4533 seeundum
956 4470 1084 4532 modum
1114 4465 1348 4555 progrediendi,
1372 4464 1547 4551 ⁴*Speusio'*

306 4582 338 4632 et
372 4567 551 4631 *Bellinio’
587 4569 796 4655 propositum,
824 4570 926 4655 *Regi
954 4570 1093 4634 Sueciae*
1118 4568 1220 4633 velint
1242 4566 1456 4643 committere,
1480 4566 1548 4630 sive

391 4689 408 4751 ¹)
429 4692 585 4754 Kouceptet
602 4691 652 4740 har
670 4692 821 4755 quicque.
