3244 5334
304 373 366 436 296

262 540 357 605 facile
376 540 595 623 'dijudicabis‚
629 541 656 604 si
682 554 864 626 temporum
888 540 1028 605 obtentae
1048 540 1248 605 investiturae
1271 540 1440 626 paululum
1463 565 1513 605 re·

265 641 453 704 miniscaris.

348 741 432 820 Quid
467 754 571 805 autem
607 742 760 806 obiectari
794 756 902 827 posset
935 741 1159 828 Celsit[ndini]
1184 742 1295 828 ipsius,
1319 744 1346 806 si
1368 757 1512 806 cast-rum

265 841 404 906 lllemela
437 841 599 905 ordinario
630 842 776 928 praesidio
799 844 960 906 munitum
982 843 1089 929 specie
1112 842 1290 907 obsidionis
1313 842 1516 929 eriperetur?

266 940 382 1006 Cuncti
405 956 518 1028 praeter
541 942 723 1029 Principem
746 957 837 1006 tuum
855 944 887 1007 id
905 942 1008 1029 ipsius
1025 942 1255 1030 Celsit[udine]
1269 943 1372 1007 inrita
1385 945 1513 1008 factum

265 1042 443 1108 crederent.
492 1043 565 1107 Non
596 1045 750 1108 alienaret
777 1042 809 1105 id
836 1043 959 1107 animos
982 1044 1186 1121 Polonorum,
1209 1044 1263 1108 sed
1288 1045 1429 1130 Principi
1451 1060 1514 1107 tuo

265 1144 369 1230 magis
403 1143 624 1231 coniungeret.
681 1144 813 1208 interim
843 1168 907 1208 non
934 1146 1030 1208 modo
1052 1167 1164 1208 secura
1187 1144 1385 1231 Celsiffudo]
1406 1146 1511 1230 ipsius

264 1259 349 1308 esset
381 1245 558 1331 recipiendi
592 1246 686 1308 castri
721 1245 781 1321 sui,
815 1245 870 1309 sed
904 1260 937 1309 et
969 1245 1031 1310 hoc
1059 1245 1220 1309 commodi
1244 1246 1383 1310 adferret
1405 1245 1515 1331 primo

265 1344 348 1430 Regi
383 1368 463 1423 meo,
497 1346 581 1431 quod
616 1368 654 1408 ea
686 1344 739 1408 ria
772 1346 870 1410 finem
897 1346 1027 1410 facilem
1050 1345 1135 1410 bollo
1159 1345 1315 1410 Polonico
1337 1346 1513 1423 inveniret,

264 1444 402 1509 redactis
436 1446 607 1510 Lithranis
640 1446 673 1509 in
708 1468 847 1510 summas
880 1448 1055 1533 angustias,
1089 1446 1206 1511 deindo
1239 1447 1300 1510 sibi
1328 1446 1400 1531 ipsi,
1423 1445 1511 1533 quod

267 1547 386 1611 exinde
420 1547 479 1610 sub
514 1547 620 1632 specie
646 1560 801 1611 tractatus
827 1548 952 1634 publici
979 1571 1043 1611 non
1066 1548 1161 1611 modo
1183 1570 1241 1611 sua
1262 1548 1430 1633 reciperet,
1453 1546 1512 1610 sed

267 1660 301 1709 et
325 1670 410 1710 noro
437 1646 497 1711 hoc
523 1647 680 1712 beneficio
703 1648 823 1735 Regem
847 1671 954 1712 meum
978 1649 1039 1712 sibi
1061 1647 1248 1713 devinctum
1271 1660 1305 1712 et
1327 1647 1366 1712 ad
1389 1649 1512 1733 quaeris

267 1747 411 1811 subsidia
444 1749 595 1812 adversus
628 1748 763 1833 injurias
798 1749 911 1813 Poloni
938 1762 1083 1835 paratum
1106 1772 1195 1835 aeque
1219 1772 1256 1813 ao
1278 1748 1433 1833 cupidum
1457 1749 1512 1812 hs·

267 1847 371 1927 beret3
410 1872 513 1936 neque
551 1850 718 1935 quisquam
757 1850 852 1914 facile
886 1850 981 1913 rebus
1013 1851 1058 1913 sic
1092 1849 1252 1914 stantibus
1286 1848 1515 1935 Celsit[udini]

266 1949 368 2035 ipsius
390 1950 464 2015 istic
486 1951 548 2014 loci
572 1951 671 2015 ullam
694 1950 778 2014 ciere
800 1950 1050 2016 controversiam
1073 1952 1216 2015 auderet.

353 2054 398 2115 At
431 2052 527 2116 liceat
561 2052 691 2116 uberius
725 2051 888 2137 progredi:
918 2065 1086 2115 vereturue
1114 2052 1268 2136 Princeps
1290 2064 1363 2114 tuus
1387 2051 1450 2127 rel,
1475 2066 1513 2116 ut

266 2152 374 2216 verius
401 2152 516 2229 dicam,
543 2152 723 2229 dubitatae,
751 2154 926 2216 etiamnum
951 2152 1012 2215 sibi
1035 2175 1109 2215 curn
1133 2150 1255 2215 Polono
1278 2151 1400 2215 bellum
1422 2152 1511 2216 futu·

266 2253 356 2318 rum?
399 2253 505 2318 Caesar
536 2276 620 2316 nunc
647 2266 745 2329 tenet,
768 2252 872 2317 eiecto
894 2255 969 2317 d:uo
992 2252 1273 2328 Administratore,
1297 2251 1515 2338 archiepisco·

268 2369 378 2440 patum
395 2354 713 2441 Magdeburgcnsern,
731 2353 1035 2418 Halberstadensem
1051 2368 1084 2418 et
1100 2353 1361 2431 Hildesienscm3·
1372 2353 1516 2418 Saxonis

267 2453 406 2519 Inferior
426 2456 479 2520 rel
502 2469 593 2539 paret
615 2455 666 2519 rel
691 2456 839 2519 atteritur
861 2456 956 2518 armis
979 2454 1194 2541 Ligistarum3
1219 2453 1368 2517 Ma-rohiae
1391 2454 1423 2515 in
1441 2477 1514 2539 pro·

267 2557 389 2641 pinquo
412 2571 462 2619 est
484 2555 703 2631 Walsteinius,
728 2568 761 2619 et
783 2554 962 2618 diversatur
983 2557 1017 2618 in
1040 2554 1202 2619 vestibulo
1217 2568 1339 2631 restro;
1363 2553 1515 2619 Pomera·

267 2656 352 2720 niam
381 2657 522 2721 Bararus
547 2656 615 2740 jam
643 2656 797 2742 deglutiit
823 2670 856 2719 et
878 2655 1045 2719 devorabit
1068 2656 1157 2718 breri
1180 2656 1257 2739 (nisi
1280 2678 1313 2717 se
1336 2655 1409 2739 quis
1432 2655 1515 2719 obii·

267 2757 333 2821 ciat
347 2757 446 2842 serio)
462 2757 595 2821 obtentu
607 2756 698 2841 juris,
717 2757 858 2820 munitus
874 2757 1069 2821 authoritate
1085 2756 1291 2842 imperatoria
1307 2768 1340 2818 et
1352 2754 1514 2840 pellectus

267 2882 324 2943 spe
352 2881 474 2940 magnae
501 2857 614 2945 praedae
637 2880 696 2921 nec
719 2858 834 2921 minori
858 2857 1013 2922 facilitate
1035 2856 1221 2943 peragendi,
1244 2856 1271 2919 si
1294 2870 1420 2941 spectes
1442 2880 1514 2942 pro·

268 2959 351 3044 prius
373 2958 462 3022 illius
485 2974 518 3022 et
539 2959 715 3022 amicorum
738 2958 821 3021 vires
844 2981 880 3021 ac
904 2958 1108 3022 vicinitatum
1130 2957 1253 3021 Poloni.
1288 2957 1331 3019 Et
1347 2980 1403 3020 ros
1419 2958 1515 3021 dubi·

267 3061 354 3135 tatis,
392 3082 456 3146 quo
489 3059 618 3124 tandem
652 3058 786 3123 consilia
819 3058 1018 3144 Ligistarum
1052 3083 1088 3123 ac
1123 3059 1236 3122 Poloni
1269 3080 1403 3120 evasura
1436 3059 1513 3135 sint,

267 3161 397 3246 lraecque
421 3184 478 3224 ros
500 3161 583 3224 solos
606 3161 736 3246 impune
752 3159 918 3224 habituros
936 3158 1086 3223 creditis?
1119 3159 1270 3237 Primine,
1289 3161 1453 3244 postremi,
1472 3182 1514 3222 an

267 3263 365 3327 medii
388 3262 469 3341 sitis,
492 3284 572 3347 quos
595 3284 779 3325 communes
799 3260 908 3325 hostes
929 3260 1100 3346 abripiant,
1116 3260 1247 3346 perinde
1263 3281 1331 3322 esse
1348 3258 1513 3324 existimo

352 3364 382 3427 S.
417 3376 502 3427 certe
536 3362 573 3425 R.
602 3362 707 3439 Mars,
731 3362 864 3425 audiens
886 3361 970 3425 mala
991 3362 1058 3425 haec
1080 3362 1185 3425 indies
1207 3382 1263 3422 ros
1286 3382 1431 3445 premere
1454 3361 1515 3423 im·

267 3464 398 3550 pensius
436 3486 471 3526 ac
504 3464 571 3548 jam
605 3462 761 3549 paulatim
795 3487 834 3527 eo
867 3485 1004 3546 serpere,
1037 3475 1074 3525 ut
1105 3484 1169 3525 non
1202 3474 1266 3524 tam
1302 3461 1513 3545 cogitandum

267 3564 426 3638 rideatur,
455 3564 616 3649 quomodo
639 3587 657 3626 a
679 3563 795 3626 finibus
818 3565 932 3626 restris
955 3563 1056 3626 averti
1080 3563 1203 3648 possint
1226 3561 1324 3647 (quod
1350 3561 1515 3644 praeterito

267 3688 342 3729 vere
365 3664 611 3728 fundamentum
634 3664 841 3728 consiliorum
865 3664 894 3727 S.
918 3663 955 3727 R.
981 3663 1068 3727 Mztis
1091 3665 1182 3745 erat),
1198 3685 1293 3748 quam
1312 3660 1419 3746 potius
1436 3686 1514 3748 quo·

267 3768 362 3831 modo
386 3779 607 3853 precaveatur,
631 3788 671 3828 ne
694 3779 811 3827 cuncta
833 3764 930 3827 simul
953 3779 1056 3841 ruant,
1081 3765 1252 3828 admodum
1275 3763 1340 3826 fuit
1361 3762 1512 3837 sollicita,

267 3893 307 3935 ne
341 3867 441 3931 hostis
475 3864 664 3941 communis,
700 3865 822 3929 Polono
851 3865 1086 3949 junctissimus,
1120 3888 1206 3929 oram
1240 3864 1336 3926 maris
1370 3862 1513 3927 Balthici

267 3981 447 4054 occuparet,
482 3980 515 4031 et
547 3990 604 4030 nos
632 3990 650 4028 a
677 3965 820 4029 subsidio
849 3964 939 4028 robis
963 3965 1095 4029 ferendo
1117 3964 1328 4029 intermedius
1351 3965 1445 4049 quasi
1468 3988 1513 4027 ar·

267 4084 353 4134 ceret
386 4092 421 4133 ac
455 4084 626 4152 separaret.
681 4067 776 4131 Licet
802 4067 903 4152 igitur
932 4065 1015 4129 bello
1045 4066 1197 4130 Polonico
1220 4066 1250 4128 S.
1274 4065 1311 4128 R.
1336 4065 1433 4128 M:tas
1455 4066 1514 4129 im·

266 4171 371 4234 mixta
400 4183 559 4246 teneatur,
587 4168 668 4232 nihil
692 4168 854 4231 tamenin
879 4189 1017 4252 praesens
1043 4167 1073 4231 S.
1097 4167 1133 4230 R.
1159 4167 1230 4230 Mai
1251 4165 1392 4241 facilius,
1416 4190 1513 4252 quarn

265 4271 360 4335 rebus
394 4272 439 4336 sic
473 4270 631 4334 stantibus
665 4268 810 4333 Livoniae
845 4291 880 4332 ac
909 4291 966 4354 per
992 4267 1074 4330 hanc
1100 4267 1192 4354 regni
1214 4267 1264 4329 sui
1287 4267 1513 4330 defensionem

266 4373 441 4437 secundum
477 4373 579 4435 Deum
615 4383 763 4456 praestare
797 4368 951 4434 mediocri
980 4368 1135 4437 exercitu.
1163 4391 1199 4431 ac
1228 4381 1296 4430 tum
1320 4368 1513 4431 vocantibus

267 4473 380 4537 amicis
407 4485 441 4536 et
461 4471 608 4557 inprimis
631 4469 833 4534 serenissimo
857 4469 1001 4556 Principi
1023 4483 1080 4533 tuo
1103 4492 1175 4532 cum
1199 4469 1291 4555 regni
1315 4469 1365 4532 sui
1389 4468 1512 4531 viribus

267 4574 411 4639 subsidio
433 4572 552 4636 venire.
