3212 5352
1231 523 1292 587 165

91 693 158 757 loca
193 693 340 778 quoedam
374 714 438 756 non
473 691 645 756 admodum
678 692 805 755 munito
836 693 888 775 (ut
920 704 970 754 est
1001 690 1093 778 regio
1127 690 1334 755 munimentis

91 794 262 877 destituta)
289 806 449 879 occupata
471 805 556 866 sunt,
580 806 613 856 et
634 792 698 855 rici
721 789 865 878 quidum,
888 789 945 854 ubi
968 790 1100 856 Cosacci
1123 815 1156 855 se
1179 791 1333 879 colligere

91 907 281 972 statuerant,
304 893 355 957 his
376 892 466 958 cresis
488 905 522 957 et
543 892 706 978 dissipatis
729 891 846 957 exusti.

173 994 382 1060 Obsistebaut
414 1016 490 1059 raro
517 994 701 1080 progressui
726 1004 836 1056 nostro
859 992 959 1056 Birnae
980 992 1071 1057 sedes
1094 993 1333 1073 Radzivilianae,

92 1096 152 1161 loci
184 1097 262 1174 situ,
291 1117 408 1182 aggere
435 1108 468 1157 et
493 1092 581 1159 fossa
603 1116 663 1157 nec
685 1115 749 1157 non
765 1106 1006 1157 tormentorum
1029 1093 1217 1158 bellicorum
1240 1094 1334 1180 copia

94 1197 232 1262 munite.
288 1194 512 1260 Deliberatum
545 1193 601 1258 diu
630 1206 689 1269 est,
711 1193 788 1279 quid
812 1212 995 1281 ageremus3
1018 1192 1223 1259 Radzevilius
1245 1195 1333 1259 visus

92 1314 214 1383 semper
246 1310 297 1362 eet
329 1295 484 1360 bonarum
518 1295 658 1383 partium
691 1316 760 1357 csse
789 1309 823 1358 et
845 1292 1181 1360 Catholico-Romanis
1203 1318 1333 1371 exosus,

93 1422 148 1464 nec
178 1398 304 1463 alienus
332 1420 352 1461 a
372 1418 452 1483 pace
475 1395 642 1461 nobiscum
665 1394 819 1471 incunda,
842 1410 880 1460 ut
901 1418 966 1459 non
987 1396 1150 1461 immerito
1173 1396 1334 1463 abstineu-

93 1499 165 1563 dum
197 1521 268 1563 esse
301 1497 403 1584 ipsius
436 1497 559 1561 ditione
588 1494 796 1579 judicaretur.
851 1494 1006 1561 Obstabat
1028 1497 1131 1583 primo
1154 1497 1219 1561 loci
1241 1497 1333 1575 situs,

93 1601 174 1686 quod
196 1599 258 1663 bac
281 1597 367 1662 hosti
389 1598 452 1661 iter
473 1598 507 1661 in
530 1597 701 1661 Livoniam
720 1618 738 1659 e
754 1595 930 1661 Lithvania
945 1610 1083 1682 pateret3
1107 1597 1210 1662 Birzis
1225 1612 1334 1664 autem

93 1701 124 1766 in
144 1716 288 1766 nostram
312 1712 505 1785 potestatem
527 1696 676 1773 redactis,
699 1696 785 1763 idem
805 1697 857 1761 vel
872 1697 1142 1763 intercluderetur
1156 1699 1210 1763 vel
1224 1700 1334 1764 multia

93 1799 333 1867 difficultatibus
365 1799 597 1863 involveretur.
651 1797 721 1862 Nec
748 1797 841 1862 nobis
868 1810 975 1863 tntum
1003 1812 1072 1863 erat
1093 1799 1220 1885 ingredi
1242 1800 1334 1865 Lith-

95 1904 226 1979 raniam,
260 1901 319 1965 tali
353 1900 554 1964 munimento
587 1899 708 1963 insesso
735 1898 905 1963 hostilibus
931 1899 1035 1985 copiis
1057 1924 1075 1964 a
1097 1913 1189 1987 tergo
1210 1902 1334 1967 relicto.

26 2028 27 2085 j
95 2004 184 2068 Nunc
218 2001 387 2088 occupatis
419 2000 520 2065 Birris
554 1999 685 2063 Vilnam
713 2021 813 2086 usque
836 2000 943 2086 campi
965 2014 1048 2077 sunt,
1071 2024 1131 2065 nec
1154 2003 1239 2088 quod
1262 2025 1334 2089 pro·

95 2127 234 2192 gressum
257 2116 414 2178 nostrum,
435 2100 499 2165 nisi
521 2123 555 2166 se
578 2113 722 2186 opponat
743 2101 870 2187 integer
891 2102 1053 2166 exercitus
1076 2102 1212 2180 hostilis,
1232 2126 1334 2168 remo·

26 2256 27 2261 1
96 2219 185 2269 retur.
234 2202 500 2267 Adserrabantur
526 2215 681 2287 praterea
701 2201 736 2264 in
758 2201 821 2265 isto
845 2201 1044 2266 munimento
1066 2225 1130 2267 non
1153 2205 1248 2268 modo
1270 2219 1334 2269 tor·

96 2320 198 2371 menta
224 2304 345 2368 bellica
369 2301 608 2381 dezevilians,
635 2301 690 2367 sed
712 2302 810 2366 etism
832 2301 921 2389 regia
943 2302 1089 2389 quasdam
1112 2305 1242 2380 maiora,
1264 2306 1334 2392 qui·

96 2407 148 2471 bus
180 2428 259 2471 usus
292 2403 398 2468 fuerat
432 2402 572 2468 Polonus
599 2402 634 2466 in
660 2402 881 2467 obsidionibus
904 2404 1026 2467 arcium
1049 2404 1276 2470 Livonicarum
1300 2423 1334 2471 et

97 2505 395 2583 Ohnrlandicarum3
424 2503 528 2591 iisque
551 2517 670 2567 exutus
691 2503 781 2567 nulla
801 2526 888 2568 nunc
910 2503 1037 2568 obtinet
1059 2506 1192 2591 propius
1214 2507 1334 2572 limites

96 2622 224 2684 nostros,
248 2629 346 2693 quom
369 2628 438 2692 quae
460 2605 567 2670 Vilnae
583 2619 640 2670 aut
655 2604 695 2669 ad
710 2605 831 2669 limites
846 2605 1098 2671 Moschoviticos
1114 2608 1334 2687 adservantur,

97 2721 126 2772 et
155 2710 182 2773 si
214 2731 286 2795 quse
311 2707 387 2771 inda
410 2706 492 2770 velit
514 2705 647 2782 adferre,
671 2705 787 2781 locum,
809 2706 865 2770 ubi
887 2706 945 2770 illa
966 2707 1165 2795 inposterum
1187 2721 1259 2774 tuto
1280 2711 1334 2776 de·

98 2825 197 2894 ponat,
220 2830 286 2872 nou
309 2806 416 2872 habet.
460 2806 534 2892 Ipse
557 2806 763 2871 Radzerilius
778 2807 953 2893 imperator
967 2806 1154 2874 Lithranici
1171 2810 1333 2875 exercitus

99 2911 228 2993 primum
263 2910 371 2972 locum
404 2907 438 2971 in
472 2908 540 2972 acie
574 2909 742 2972 adversum
776 2930 834 2972 nos
861 2920 1076 2993 occupaturus
1098 2926 1157 2988 est,
1180 2926 1225 2988 ut,
1248 2910 1333 2975 bello

98 3010 173 3075 inter
194 3032 253 3074 nos
276 3024 311 3074 et
333 3008 489 3073 Polonum
511 3008 677 3095 flagrante,
699 3006 785 3071 hunc
801 3009 869 3072 sine
886 3009 986 3073 dubio
1001 3011 1191 3075 acerrimum
1206 3011 1333 3076 hostem

98 3109 230 3176 habituri
268 3110 378 3173 simus.
433 3108 575 3195 Ideoque
611 3108 689 3173 licet
723 3109 846 3173 nemini
883 3109 1075 3175 illubantius
1111 3133 1207 3196 quam
1245 3111 1333 3176 dicto

100 3210 278 3278 Radzevilio
312 3210 484 3297 quicquam
517 3208 703 3274 detrimenti
732 3209 946 3274 voluissemus
973 3210 1101 3288 inferre,
1125 3212 1265 3276 rationes
1288 3228 1334 3277 ta·

99 3334 166 3377 men
197 3310 381 3377 securitatis
414 3324 529 3375 nostrae
562 3326 596 3374 et
628 3309 873 3375 commoditates
906 3310 983 3375 belli
1014 3312 1165 3377 adversus
1195 3314 1333 3378 Poloncs

101 3413 233 3499 gerendi,
256 3413 361 3478 veluti
382 3411 530 3498 publicas
552 3410 687 3498 privatis
710 3411 1026 3489 considerationibus,
1050 3412 1084 3476 in
1104 3414 1221 3500 quibus
1235 3414 1332 3480 facile

101 3515 249 3598 potuisset
271 3512 381 3590 errari,
404 3513 499 3598 longe
523 3512 736 3598 preferendus
759 3512 954 3597 putavimus.

175 3612 312 3680 Obsedit
338 3636 416 3699 ergo
443 3612 475 3676 S.
498 3613 535 3676 R.
560 3613 654 3676 Mztas
676 3612 785 3676 Birzas
807 3612 860 3676 die
883 3615 922 3676 21
946 3616 1044 3701 Aug,
1068 3614 1217 3703 binisque
1239 3618 1333 3681 fossis

101 3714 195 3781 ductis
228 3715 382 3779 adversus
414 3713 489 3778 bina
522 3713 618 3778 castri
652 3712 903 3800 propugnacula,
931 3713 983 3778 die
1010 3714 1049 3778 ab
1078 3716 1246 3781 obsidione
1268 3718 1333 3782 5:t0

101 3813 131 3879 in
159 3817 260 3903 ipsam
293 3815 414 3880 fossam
440 3828 473 3879 et
498 3814 620 3879 vallum
643 3814 739 3877 castri
762 3814 944 3900 penetravit
965 3829 1000 3878 et
1022 3817 1169 3902 sequenti
1192 3818 1253 3894 die,
1276 3820 1333 3904 qui

102 3932 161 3982 erat
181 3919 222 3983 26
245 3921 344 4003 Aug,
367 3915 476 3980 dedita
497 3937 568 3980 arce
591 3937 684 3978 suum
706 3914 738 3977 in
761 3937 832 3979 earn
856 3915 944 3978 misit
966 3916 1158 4001 praesidium,
1175 3941 1211 3982 ac
1227 3918 1330 3983 locum

102 4038 176 4084 nune
202 4018 339 4093 obtinet,
366 4039 407 4080 ex
434 4038 499 4101 quo
523 4014 730 4079 Lithraninm
754 4016 960 4103 undiquaque
981 4018 1123 4093 infestet,
1148 4031 1184 4082 ut
1206 4017 1268 4081 nisi
1292 4018 1331 4082 sd

103 4119 178 4200 pacis
211 4118 319 4184 studia
353 4117 467 4182 Poloni
500 4116 737 4195 inclinaverint,
770 4116 976 4181 Lithvaniam
1010 4141 1126 4206 magno
1159 4118 1209 4182 sui
1243 4131 1333 4204 parte

102 4219 195 4301 perire
216 4240 347 4283 necesse
370 4218 422 4281 sit.

175 4319 297 4408 Agitur
328 4341 414 4382 nunc
447 4317 577 4404 quidem
611 4318 651 4382 de
677 4317 863 4381 renovando
889 4319 974 4383 inter
995 4341 1052 4382 nos
1075 4317 1164 4405 pacis
1185 4332 1333 4397 tractatu,

26 4480 27 4483 ,
105 4418 302 4507 plurimaeque
335 4419 437 4484 literae
463 4419 548 4484 inter
570 4442 620 4483 me
644 4431 677 4482 et
699 4419 876 4504 palatinum
900 4418 1175 4484 Macislaviensem
1198 4419 1334 4486 Skumin

26 4516 27 4521 ’
105 4540 137 4581 eo
165 4522 291 4585 nomina
324 4533 529 4584 commutate
562 4533 652 4600 sunt3
686 4520 765 4605 quid
791 4535 899 4585 autem
921 4520 1067 4584 futurum
1089 4519 1141 4597 sit,
1164 4544 1226 4609 ego
1248 4520 1334 4586 haud

104 4616 189 4685 facile
210 4623 377 4709 scripsero,
400 4643 473 4685 cum
496 4644 546 4687 me
569 4620 697 4685 diversa
720 4619 922 4706 plurimaque
944 4643 1007 4684 non
1030 4620 1136 4685 minua
1155 4621 1333 4708 desperare,

106 4740 189 4803 quam
221 4745 347 4810 sperare
377 4720 524 4806 jubeant.
578 4721 629 4785 Tu
663 4721 749 4785 enim
778 4721 847 4807 ipse
870 4744 927 4808 pro
949 4734 1005 4785 tua
1028 4722 1201 4808 prudentia
1222 4722 1333 4787 isthaec
