3288 5330
1262 433 1323 496 471

111 602 183 665 sito
216 600 367 677 sentient,
400 623 466 665 non
498 599 590 665 nobis
623 613 760 675 tentum,
793 599 848 665 sed
872 598 933 664 sibi
956 597 1035 686 ipsis
1056 599 1209 684 injuriem
1230 598 1367 663 ieciunt.

117 702 185 767 Hic
221 701 363 766 enimin
387 701 609 787 *propin*quo
631 724 742 767 sumus
765 700 974 777 'Germenim
998 699 1138 764 Silesiae*
1152 701 1179 782 ²)
1204 722 1241 764 ec
1258 699 1369 764 'Hun-

112 803 245 890 geriae',
270 817 306 867 ut
329 802 503 867 *consilis*
527 824 602 867 cum
624 803 749 867 cunctis
773 801 1051 866 ‘communicem‘
1072 799 1172 864 facile
1192 800 1366 886 possimus3

116 926 181 969 nec
214 916 321 967 temen
354 902 437 967 ullos
472 903 613 967 'emices
645 915 770 967 nostros
792 901 905 967 bellis·
929 901 1046 966 nostris
1068 900 1282 987 implicemus,
1304 900 1367 965 nisi

116 1003 277 1069 volentes.
327 1002 635 1085 'Abstruhimue'’)
656 1003 786 1069 interim
809 1002 1007 1067 'Polonum’
1031 1002 1071 1066 eb
1093 1002 1181 1066 omni
1204 1000 1367 1067 'subsidio

112 1102 238 1167 Caeseri
259 1103 439 1169 mittendo*
463 1119 497 1169 et
519 1103 557 1168 ed
582 1104 824 1169 *defensionem
847 1102 898 1167 sui
925 1102 1132 1190 auxilie*que
1154 1125 1173 1168 e
1203 1102 1367 1169 'Genese'

112 1205 303 1290 expetende
336 1205 535 1292 'cogimue',
568 1218 605 1268 nt
636 1205 682 1269 ite
716 1203 937 1269 *infirmentur
968 1203 1249 1291 distrehenturque
1282 1204 1367 1268 vires

117 1304 332 1369 Austriecae*.

206 1405 327 1485 Quodsi
359 1406 470 1471 divine
501 1406 674 1472 clementie
706 1406 810 1492 ceptis
842 1406 960 1469 nostris
981 1404 1108 1481 severit,
1131 1419 1169 1469 ut
1185 1406 1277 1489 juste
1298 1404 1366 1469 ecie

113 1508 222 1572 semel
255 1506 378 1571 hostem
408 1508 515 1573 fusum
537 1506 826 1593 profligaverimus,
848 1528 914 1570 non
935 1518 985 1569 est
1005 1504 1152 1581 dubium,
1175 1506 1254 1592 quin
1277 1505 1368 1570 nullo

114 1609 290 1673 resistente
322 1630 380 1671 nos
406 1630 481 1673 oum
505 1608 676 1693 *Principe
699 1606 960 1691 'I'rnnsylveniae'
985 1605 1121 1691 eliisqne
1144 1606 1367 1671 'communem

113 1731 249 1774 ceusem
274 1708 444 1795 egentibus
466 1709 683 1795 conjungere'
706 1708 875 1794 possimus,
904 1721 961 1772 eut
981 1707 1010 1772 si
1026 1705 1207 1772 ‘fortunem
1224 1708 1366 1773 temere*

115 1833 185 1877 non
223 1809 332 1886 libeet,
371 1809 490 1874 'ducto
525 1808 612 1874 bello
648 1809 835 1873 Poloniem*
873 1809 1008 1894 eiusque
1047 1808 1170 1872 *vires*
1205 1830 1367 1873 enervere.

118 1911 255 1977 Interim
288 1910 316 1974 ei
350 1909 428 1996 quid
464 1910 553 1996 'opis
586 1932 775 1975 communes
809 1908 936 1986 emici',
971 1907 1156 1993 adprobetis
1183 1907 1366 1973 'consiliis'

116 2011 250 2087 nostris,
284 2010 491 2086 contulerint,
524 2010 558 2075 id
591 2011 678 2097 qnod
700 2010 817 2097 sepius
839 2009 977 2074 entehec
1000 2008 1160 2094 egitetum
1183 2024 1242 2084 est,
1265 2010 1369 2075 multo

117 2112 252 2178 fecilius
302 2110 544 2175 'Gesmeuiem'
595 2134 653 2198 per
699 2110 918 2187 'Poloniem',
961 2132 1056 2196 quem
1100 2109 1190 2174 illem
1234 2133 1293 2196 per
1334 2133 1368 2176 sc

117 2215 224 2300 ipsem
278 2210 425 2276 *restitui
474 2212 598 2299 posse',
647 2213 784 2298 quisque
832 2233 940 2275 rerum
988 2210 1197 2297 locorumque
1247 2212 1368 2297 peritus

115 2314 218 2379 fecile
256 2312 354 2390 videt,
392 2326 426 2377 et
462 2311 599 2387 videbit,
635 2311 782 2399 quisquis
818 2312 1020 2398 cogiteverit,
1043 2310 1107 2375 huc
1130 2311 1368 2398 *ungustierum

120 2414 302 2481 Polonum'
336 2413 453 2478 nostris
487 2414 665 2500 *propriis*
700 2436 736 2477 uc
771 2412 866 2477 'solis
899 2411 1078 2476 secundum
1112 2412 1217 2476 Deum
1245 2412 1368 2477 viribus

115 2515 229 2602 adigi·
265 2513 422 2601 potuisee3
455 2514 490 2578 id
524 2513 610 2601 quod
644 2528 679 2578 tu
706 2515 796 2598 justo
819 2514 890 2578 loco
913 2535 950 2577 ec
972 2527 1118 2599 tempore
1140 2526 1174 2576 ot
1195 2514 1280 2600 epud
1303 2536 1368 2591 eos,

116 2640 202 2704 quos
233 2614 435 2680 intellexeris
468 2614 582 2679 horum
617 2614 826 2681 consiliorum
854 2634 988 2700 capuces
1017 2636 1098 2691 esse,
1128 2635 1242 2701 urgere
1272 2628 1368 2701 etque

117 2717 272 2783 insistere
294 2715 438 2780 debebis.

209 2816 381 2881 *Nemini*
416 2839 492 2881 vero
515 2817 722 2881 *exterorum
749 2815 905 2880 noxium*
917 2814 946 2893 ⁸)
967 2836 1036 2878 esee
1058 2815 1144 2879 hunc
1167 2829 1312 2880 nostrum
1335 2817 1369 2880 in

119 2919 328 2983 'Borussiem
362 2916 573 3003 ingressum‘,
596 2916 623 2980 si
645 2930 771 3002 spectes
792 2939 858 2979 non
880 2915 1025 3003 singulos
1049 2916 1291 2993 *mercatores',
1314 2917 1370 2981 sed

119 3021 289 3105 'integros
311 3018 432 3082 stetus'
445 3018 483 3100 ⁴),
505 3038 607 3081 exeo
630 3016 723 3080 secile
746 3029 846 3102 petet,
869 3015 955 3101 qnod
979 3016 1302 3102 'commercie'‚quae
1317 3015 1371 3081 hic

119 3135 250 3185 tentum
287 3117 483 3183 considereri
520 3118 750 3193 enimedverto,
783 3117 844 3181 etsi
877 3117 911 3180 in
944 3115 1034 3180 hisce
1057 3117 1214 3202 portubus
1236 3130 1269 3181 et
1290 3118 1371 3182 locis

117 3221 356 3295 diminuentur,
380 3234 488 3283 tumen
511 3217 692 3282 necesserio
714 3217 755 3282 ed
777 3217 840 3281 elie
860 3216 933 3281 loce
955 3217 1176 3282 transferende
1197 3218 1271 3293 sint,
1295 3241 1369 3282 cum

117 3337 271 3387 extremo
287 3319 399 3406 ’regni
414 3318 557 3383 Polonie
572 3318 796 3396 detrimento',
812 3317 881 3382 sine
897 3331 1075 3382 ceterarum
1091 3317 1238 3405 gentium
1253 3340 1371 3404 megno

120 3421 339 3487 incommodo.
368 3420 491 3499 Quodsi
506 3420 592 3484 enim
609 3418 891 3505 'Regiomontenee
906 3417 1065 3483 Civitetes
1079 3418 1371 3501 conserveverint⁶)

114 3525 172 3610 jus
207 3516 434 3598 neutrelitetis,
467 3521 679 3584 commercie'
715 3520 815 3584 totius
849 3520 983 3607 *Magni
1009 3520 1156 3584 Ducetus
1177 3519 1371 3595 Lithveniae,

123 3623 308 3698 Mesoviae',
342 3644 466 3708 megnve
494 3620 592 3707 pertis
620 3620 802 3685 ’Poloniae'
838 3634 871 3686 et
894 3621 1090 3685 *Borueeie'
1114 3644 1148 3686 se
1170 3620 1244 3685 istic
1268 3620 1372 3684 firme

122 3725 217 3803 bunt;
256 3723 379 3810 relique
417 3721 579 3787 *Poloniae
616 3722 810 3787 commercia
845 3721 1027 3785 Stetinum'
1065 3735 1295 3787 convertentur
1327 3735 1371 3799 et,

121 3823 280 3890 nonnulle
295 3837 431 3911 urgente
446 3823 649 3901 necessitate,
666 3824 762 3887 etiem
778 3822 1045 3887 conniventibus*
1062 3822 1223 3899 Polonis*,
1239 3824 1273 3886 in
1289 3822 1371 3887 hene

121 3924 333 3991 *civitatem*
379 3922 589 3988 ettrshentur.
655 3922 786 4010 Exigue
822 3946 898 3989 vero
934 3922 1137 3987 incommode
1172 3923 1371 4009 privetorum

208 4078 228 4133 ¹l
247 4080 262 4130 1
274 4079 421 4144 orlglnslst
437 4079 487 4128 ber
501 4078 616 4128 chlffern
635 4078 753 4141 orlktlgt
766 4082 836 4130 lbsts
852 4079 914 4129 med
927 4081 970 4128 »ie
977 4080 1139 4146 propinquo,
1149 4093 1199 4142 quo
1209 4093 1306 4137 umus,
1318 4078 1372 4128 loco

87 4204 91 4214 .
122 4166 259 4216 Mesia».

208 4245 230 4307 ¹)
249 4247 373 4298 Chlffern
390 4250 400 4297 l
418 4246 566 4310 orlglnelet
584 4248 640 4295 lbst
658 4246 720 4296 med
742 4247 952 4296 ›Diuerts‘suun¹

208 4330 233 4395 ³)
251 4314 340 4383 dtven
368 4332 417 4381 her
444 4330 495 4381 ber
521 4331 674 4393 konceptet
703 4334 895 4401 »miseremus
912 4344 974 4379 men
1004 4331 1152 4394 origlnelet
1182 4330 1299 4380 ohlfiern
1330 4331 1374 4380 lbi

116 4417 230 4482 finiti
248 4417 301 4467 och
320 4418 328 4465 ἰ
347 4415 420 4477 lolid
438 4415 521 4465 derel
538 4418 662 4465 leserten
684 4419 872 4465 ›eeteros-ess».
909 4415 922 4464 I
940 4415 1027 4475 ontgt
1045 4418 1077 4463 tr
1094 4414 1157 4464 dess
1176 4414 1373 4477 dsehfflrerlng

125 4504 281 4553 »Neminem
301 4515 363 4549 sero
383 4504 537 4549 soterem
557 4499 785 4565 improbaturum»
805 4498 960 4548 inhorrekt.

208 4582 230 4644 ⁴)
250 4584 374 4633 Chlffern
392 4585 402 4632 l
420 4584 569 4648 originelet
586 4583 642 4633 lost
660 4583 721 4632 med
742 4587 840 4632 »totum
858 4586 984 4631 statem.

220 4672 229 4725 t
248 4668 370 4718 Obillesn
388 4669 398 4716 l
415 4668 564 4732 orlglnelst
580 4670 637 4717 lost
655 4668 717 4718 med
743 4670 940 4717 ›onsuem›.
