3314 5362
397 422 462 489 106

355 589 579 677 cupiebamus,
612 590 717 677 Reges
749 604 885 666 nostros,
917 604 984 658 tam
1016 592 1198 679 propinquo
1225 593 1381 682 sanguim
1403 595 1550 679 junctos,
1572 608 1609 658 et

355 690 425 757 hae
456 714 558 778 regua
583 690 706 759 Suecioe
730 691 940 780 Polonieque
965 692 999 758 in
1021 694 1157 780 gratiam
1180 694 1294 771 redire,
1317 717 1354 760 ac
1376 694 1608 760 controversiis

354 791 475 861 nostris
497 793 595 859 finem
616 792 759 879 aliquam
781 794 925 879 reperiri.

445 893 511 959 Vix
528 892 662 980 quidem
684 906 754 959 tum
776 916 813 959 sa
836 917 877 958 ne
900 894 958 960 vix
979 895 1110 982 quidem
1133 896 1216 960 ratio
1235 909 1365 982 reperta
1383 895 1459 973 fuit,
1475 908 1607 982 ceptam

353 994 396 1059 ad
419 993 609 1061 Mithaviam
633 1016 792 1059 umorum
814 996 959 1081 quietem
982 996 1178 1083 prorogandi
1198 996 1234 1060 in
1256 1019 1383 1073 annum,
1405 1009 1441 1061 ut
1456 996 1606 1082 spacium

353 1108 442 1161 esset
475 1093 785 1182 D[ominst]iouibus
819 1096 935 1161 vestris
968 1097 1030 1161 ista
1062 1119 1121 1161 suo
1147 1097 1219 1162 loco
1240 1096 1411 1170 referendi,
1434 1120 1472 1161 sc
1494 1111 1533 1162 ut
1550 1097 1606 1175 iis,

355 1196 412 1282 qui
445 1195 678 1283 deputarentur
709 1197 919 1282 imposterum
952 1198 1006 1261 isti
1039 1199 1185 1284 negocio,
1212 1198 1328 1263 melius
1355 1198 1605 1284 prospiceretur.

356 1297 578 1361 Recordentur
604 1297 673 1360 sine
700 1296 800 1361 dubio
824 1297 943 1363 Dzones
963 1312 1088 1371 vestre.
1110 1321 1145 1363 re
1169 1300 1402 1385 propemodum
1424 1299 1551 1363 infecta
1573 1314 1606 1363 et

355 1397 442 1461 bello
464 1396 664 1463 conclamato
686 1396 916 1465 discedendum
939 1398 1039 1464 fuisse
1060 1399 1101 1463 ob
1115 1398 1280 1465 defectum
1297 1398 1465 1485 potestatis
1480 1414 1605 1475 vest-ra,

354 1521 425 1587 quae
450 1520 558 1584 neque
580 1497 702 1585 Regem
726 1517 867 1563 vestrum
890 1499 1066 1586 obligabat,
1088 1523 1194 1586 neque
1217 1523 1275 1563 nos
1297 1522 1355 1585 pro
1376 1499 1605 1564 commissariis

356 1599 387 1663 S.
420 1598 501 1684 Reg.
535 1597 634 1676 Metis,
668 1598 790 1665 domini
823 1600 925 1663 nostri
957 1600 1212 1676 clementissimi,
1246 1623 1264 1664 a
1291 1623 1355 1687 quo
1381 1623 1446 1664 uno
1472 1624 1604 1665 omnem

355 1711 549 1786 potestatem
578 1712 718 1764 nostram
740 1699 987 1778 obtinueramus,
1012 1700 1216 1788 agnoscebat,
1240 1714 1276 1766 ut
1294 1701 1426 1766 infinita
1446 1701 1512 1766 alia
1534 1702 1605 1766 eius

354 1800 436 1865 vrtia
459 1814 634 1865 taceamus.

439 1902 614 1988 Nunquam
646 1917 791 1989 poteram
822 1901 902 1966 mihi
928 1902 1130 1988 persuadere,
1152 1918 1227 1989 post
1242 1915 1298 1967 tot
1320 1926 1356 1968 ac
1378 1917 1484 1968 tantas
1510 1902 1605 1968 alter·

353 2003 498 2069 cationes
532 2025 633 2089 usque
667 2002 706 2067 ed
739 2002 908 2068 fastidium
935 2004 1069 2082 habitas,
1096 2027 1154 2068 nos
1175 2003 1294 2068 iterum
1317 2003 1356 2067 ad
1378 2006 1513 2069 eosdem
1537 2026 1604 2068 sco-

354 2104 447 2190 pulos
476 2103 667 2191 impingere,
692 2126 728 2167 ac
750 2104 859 2173 navim
884 2117 1077 2169 tractatuum
1098 2117 1283 2169 nostrorum
1303 2105 1513 2192 naufragium
1536 2104 1602 2192 pati

353 2206 481 2271 debere.
526 2204 559 2269 Si
582 2203 669 2271 euim
692 2204 775 2270 serio
796 2205 983 2291 sincereque
1005 2205 1046 2270 de
1069 2228 1147 2292 pace
1169 2206 1288 2293 agitur,
1303 2229 1362 2271 cur
1377 2205 1602 2271 commissariis

353 2307 469 2372 vestris
490 2328 555 2370 non
578 2306 673 2370 datur
693 2305 803 2391 ampla
824 2319 858 2370 et
878 2306 1097 2393 magnitudini
1118 2306 1246 2394 negocii
1267 2306 1463 2393 respondens
1483 2305 1602 2394 agendi

352 2405 583 2493 statuendique
615 2405 774 2472 facultas?
816 2410 886 2470 Aut
916 2406 945 2470 si
968 2429 1036 2494 pax
1053 2409 1143 2492 justa
1164 2429 1317 2493 moreque
1338 2407 1424 2471 iuter
1445 2407 1602 2471 humanas

353 2524 467 2596 gentes
500 2521 630 2595 recepto
661 2506 803 2571 ineunda
829 2530 894 2570 non
920 2525 1069 2572 censetur
1096 2530 1169 2571 ere
1191 2508 1291 2596 Regis
1314 2530 1351 2572 ac
1373 2504 1602 2594 Reipub[licu]

353 2623 475 2686 vestrae,
505 2631 563 2672 cur
590 2608 714 2673 luditur
740 2608 929 2672 tractatibus
953 2607 1058 2692 pacis?
1101 2608 1240 2673 Etcum
1263 2630 1336 2694 spes
1358 2608 1525 2680 nullasit,
1548 2629 1601 2670 cur

352 2733 480 2798 sperare
499 2707 672 2795 jubemur?
712 2707 775 2788 Qui
798 2709 915 2773 nostris
938 2708 1127 2774 tractatibus
1142 2723 1376 2787 successerunt,
1392 2708 1495 2772 nihilo
1511 2709 1599 2774 fuere

353 2811 468 2877 melius
501 2810 667 2889 instructi3
700 2823 734 2874 et
766 2832 852 2873 nunc
886 2832 988 2873 annus
1015 2810 1141 2895 integer
1167 2810 1295 2897 elapsus
1317 2822 1376 2885 est,
1399 2831 1472 2874 cum
1497 2832 1539 2873 ne
1562 2808 1600 2871 de

351 2912 482 2977 nomine
505 2910 796 2976 commissariorum
821 2923 999 2974 vestrorum
1023 2911 1194 2998 quicquam
1216 2912 1428 2974 coustitutum
1451 2910 1598 2974 sciamus.

437 3013 593 3100 Suspecta
625 3011 691 3075 lose
723 3023 809 3089 sant,
836 3011 1038 3076 mesimeri
1064 3011 1136 3098 quis
1158 3011 1367 3075 acerbitatem
1390 3032 1427 3074 ac
1447 3009 1598 3073 intentio-

350 3138 425 3180 nem
456 3114 636 3191 liserorum‚
668 3134 749 3200 quas
780 3111 843 3176 hcc
875 3133 960 3175 anno
993 3111 1116 3176 domini
1142 3125 1304 3176 senatorer
1331 3110 1436 3198 Regni
1457 3110 1599 3174 Polouiae

352 3215 529 3303 Magnique
555 3215 701 3279 Ducatus
727 3213 910 3278 Lithuaniae
934 3212 973 3276 ad
995 3213 1143 3277 dominos
1166 3224 1327 3277 senatores
1349 3210 1455 3298 Regni
1477 3210 1598 3275 Sueciae

350 3318 520 3393 dederunt,
544 3315 689 3403 penitius
711 3313 910 3401 inspiciat²);
933 3336 993 3377 nec
1015 3312 1186 3400 quisquam
1202 3335 1309 3377 rerum
1325 3312 1532 3376 mediocriter
1548 3334 1598 3397 pe·

349 3419 430 3483 ritus
460 3418 554 3482 aliter
576 3416 617 3481 de
639 3415 690 3480 his
709 3414 916 3502 judicaverit,
939 3436 1036 3500 quam
1058 3414 1181 3503 Regem
1203 3429 1345 3478 vestrum
1370 3411 1540 3477 abhorrere
1561 3409 1597 3474 ab

351 3519 439 3583 omni
457 3518 548 3603 justo
571 3529 711 3583 tractatu
732 3516 823 3605 pacis
846 3529 880 3580 et
902 3513 1060 3592 amicitie,
1083 3515 1254 3602 ipsumque
1278 3536 1352 3578 cum
1367 3514 1443 3591 suis,
1459 3511 1596 3579 induciis

350 3619 439 3685 hisce
472 3617 656 3696 annuendo,
687 3640 753 3683 non
787 3615 1064 3703 tranquillitatem,
1090 3615 1146 3680 sed
1172 3628 1338 3680 momenta
1362 3627 1544 3701 temporum
1566 3626 1596 3676 et

349 3721 537 3786 occasiones
556 3730 697 3805 captare
731 3718 825 3797 Quod
842 3729 999 3803 quantum
1013 3716 1182 3781 destinatis
1196 3715 1299 3801 ipsius
1312 3716 1421 3781 forsan
1436 3711 1595 3783 conducit,

349 3834 443 3887 tantu
476 3820 540 3885 erit
571 3820 665 3883 nobis
695 3819 938 3906 praecavendum
965 3818 1079 3903 magis.
1123 3817 1192 3881 Nec
1210 3817 1286 3902 jure
1309 3815 1340 3879 S.
1363 3816 1400 3879 R.
1424 3815 1497 3879 Mai
1521 3812 1595 3877 vitio

350 3921 433 3987 verti
468 3920 597 4007 poterit,
631 3920 716 4006 quod
751 3942 784 3984 se
818 3918 869 3982 his
903 3916 1025 3981 artibus
1052 3917 1196 3981 delusam
1223 3916 1490 3991 animadvertens,
1515 3935 1595 3978 arma

350 4022 541 4088 necessitate
570 4020 679 4085 oblata
701 4021 839 4104 arripere
861 4030 973 4082 coacta
994 4018 1104 4095 fuerit,
1128 4031 1165 4082 ut
1187 4017 1241 4081 vel
1263 4040 1333 4082 eam
1357 4039 1480 4103 pacem,
1503 4035 1595 4103 quam

349 4122 447 4209 aequis
481 4120 721 4187 conditionibus
746 4133 798 4184 tot
825 4141 924 4183 annos
948 4118 1108 4205 quesivit,
1130 4118 1329 4204 impetraret,
1352 4117 1405 4181 vel
1428 4118 1457 4181 si
1479 4118 1512 4182 id
1533 4136 1594 4179 non

350 4222 463 4308 possit,
491 4236 528 4289 ut
547 4223 609 4289 hac
631 4218 861 4287 incertitudine
883 4219 1093 4285 camillorum
1116 4218 1246 4285 taudem
1269 4218 1502 4294 exsolveretur,
1524 4238 1593 4282 cum

350 4322 439 4389 hisce
472 4323 565 4391 aunis
597 4322 681 4389 nihil
713 4320 807 4388 nobis
840 4320 943 4405 magis
976 4319 1112 4384 numum
1143 4318 1254 4395 fuerit,
1282 4341 1380 4405 quam
1406 4319 1468 4383 sub
1490 4314 1594 4404 speeie

350 4424 593 4509 tranquillitatis
615 4422 735 4489 eisdam
759 4420 910 4508 perieulis
933 4420 1182 4506 sumptibusque
1204 4418 1361 4484 obnoxios
1383 4441 1466 4484 esse.

433 4642 456 4706 ²)
474 4645 518 4696 dtr
533 4647 618 4697 alvan
636 4650 755 4697 rutam
772 4645 818 4696 tlll
835 4644 886 4694 Νιο
905 4646 946 4702 21,
962 4646 998 4692 st
1014 4643 1068 4693 och
1084 4646 1126 4690 49.
