3288 5330
301 803 374 858 257.
418 801 490 858 'riu
511 803 618 859 [novin
639 817 704 859 von
725 804 804 859 dem
826 804 1035 860 Knesebeok.
1089 804 1217 874 albing
1237 806 1271 861 d.
1295 807 1340 861 24
1359 807 1438 861 Jan.
1462 806 1555 861 luat.

303 1017 408 1066 Glader
433 1020 476 1080 sig
503 1017 578 1066 savtl
597 1017 627 1065 tt
649 1017 822 1068 karturstsus
840 1018 978 1078 ankomst,
996 1019 1069 1068 efter
1086 1018 1201 1069 hvllken
1218 1021 1250 1067 A.
1269 1020 1300 1070 0.
1319 1020 1427 1083 hoppas
1445 1021 1484 1083 pa
1501 1024 1558 1070 rit·

388 1103 458 1151 telae
484 1104 495 1151 1
520 1102 593 1150 brad
621 1116 678 1150 som
705 1105 831 1165 parserat
857 1106 915 1151 mot
942 1103 1150 1161 neutralitatem
1177 1118 1234 1152 som
1259 1104 1439 1166 tsynoerhet
1456 1104 1494 1163 at,
1512 1110 1558 1153 att

388 1185 444 1234 han
471 1184 604 1248 ttroljdes
627 1186 655 1234 af
682 1199 734 1235 von
755 1186 815 1235 dem
835 1186 1218 1250 ss.‚samtter1ttarstgpa
1237 1192 1279 1236 att
1298 1188 1415 1237 denuoi
1434 1188 1508 1249 totid
1528 1190 1558 1237 af

388 1269 439 1318 sitt
457 1272 500 1317 ntt
521 1270 567 1318 for
585 1269 638 1318 dsn
658 1268 834 1333 evangelista
851 1270 937 1320 saken
955 1270 1046 1319 sknlle
1065 1271 1221 1320 motarbeta
1239 1271 1348 1333 vidriga
1364 1271 1493 1334 radslaffi
1511 1273 1557 1320 be

388 1357 438 1417 gar
456 1353 675 1402 underrattelser
693 1369 735 1403 om
754 1354 915 1403 tlllstandet
932 1356 942 1403 1
961 1355 1110 1417 Tyslrland.

638 1517 811 1603 Magnifice
834 1532 867 1581 et
890 1517 1050 1582 Generosa
1073 1518 1222 1583 Domine.

391 1650 596 1737 Quantopere
633 1650 760 1715 laetatus
797 1651 856 1715 sim
893 1652 1003 1716 audito
1036 1652 1126 1716 felici
1161 1651 1356 1717 serenissimi
1393 1652 1558 1717 Electoris

305 1750 581 1837 Brandeuburgici
604 1752 727 1816 domini
750 1751 847 1816 vestri
869 1754 903 1816 in
926 1752 983 1817 has
1007 1775 1078 1816 oras
1099 1755 1252 1830 adventu,
1275 1767 1311 1818 tu
1334 1775 1392 1840 pro
1408 1766 1469 1817 tua
1485 1777 1558 1839 pru·

304 1852 415 1915 dontio
447 1852 544 1917 facile
578 1852 776 1916 discreveris.
821 1853 954 1918 Etenim
982 1868 1015 1918 te
1049 1852 1102 1917 hic
1137 1854 1245 1940 aliquo
1269 1853 1386 1917 abhinc
1410 1868 1557 1941 tempore

303 1954 493 2025 constituto,
527 1954 683 2017 nonnulla
715 1953 933 2039 contigerunt,
970 1977 1038 2040 quae
1065 1954 1260 2018 labefactare
1284 1954 1445 2041 paulatim
1468 1955 1557 2020 vide·

305 2053 423 2118 bantur
456 2054 631 2118 amicitiam
661 2068 695 2118 et
716 2053 932 2118 neutralitatis
951 2057 1006 2138 jus
1030 2053 1184 2119 hactenus
1206 2056 1400 2131 exercitum,
1423 2057 1464 2120 de
1488 2057 1558 2143 qni·

305 2153 366 2217 bns
388 2153 564 2219 meministi
587 2178 637 2219 me
662 2177 764 2241 pauca
786 2155 985 2220 disseruisse.
1020 2158 1066 2218 At
1088 2178 1129 2219 ex
1152 2180 1190 2220 eo
1210 2157 1263 2220 die
1280 2168 1383 2220 auctas
1398 2156 1557 2242 paulatim

303 2254 431 2319 iniuriae
465 2268 546 2330 suut,
570 2254 756 2320 stimulante
779 2279 853 2320 cum
877 2255 989 2342 primis
1011 2257 1240 2334 commissario,
1268 2257 1323 2342 qui
1347 2257 1558 2343 Regiomonti

304 2369 364 2433 est,
399 2356 568 2436 Polonico;
602 2380 680 2443 quas
715 2371 823 2420 tamen
847 2356 1015 2443 bucusque
1038 2357 1121 2421 ferre
1144 2356 1274 2444 placuit,
1298 2358 1385 2444 qnod
1408 2381 1461 2422 me
1485 2382 1556 2444 spes

306 2470 441 2533 teneret,
475 2480 540 2521 non
567 2458 663 2521 modo
697 2458 865 2522 adventuri
888 2459 1083 2523 serenissimi
1105 2457 1275 2532 Electoris‚
1298 2459 1353 2522 sed
1377 2459 1465 2544 quod
1489 2459 1556 2522 eius

305 2556 448 2621 adventu
482 2560 549 2622 brec
583 2557 739 2622 facillime
772 2559 891 2622 mutari
926 2582 962 2623 ae
985 2558 1147 2623 emendari
1170 2580 1264 2644 posse
1287 2558 1462 2623 crederem.
1508 2559 1556 2622 De

307 2656 396 2722 hisce
430 2673 535 2723 autem
568 2659 779 2745 imposterum
812 2682 876 2723 non
911 2660 1013 2723 deerit
1046 2660 1170 2723 occasio
1205 2659 1332 2745 agendi,
1359 2682 1469 2744 neque
1497 2683 1556 2746 ego

305 2782 393 2823 nunc
426 2761 459 2823 in
494 2761 597 2844 primo
630 2762 777 2846 ingressu
811 2775 844 2824 et
872 2775 1044 2847 antequam
1071 2782 1177 2823 rernm
1201 2773 1304 2824 status
1327 2783 1433 2824 coram
1457 2761 1556 2825 fuerit

305 2874 482 2946 spectatus,
505 2860 594 2925 volui
618 2860 712 2925 Senti
733 2861 836 2947 ipsius
859 2861 977 2925 odiosis
1000 2860 1089 2925 hisce
1111 2860 1293 2924 molestiam
1316 2884 1435 2925 creare.

392 2964 440 3024 At
461 2961 609 3047 inprimis
631 2961 723 3025 laetor
745 2976 777 3026 to
800 2985 874 3026 curn
897 2961 1100 3026 serenissimo
1123 2961 1273 3025 Electore
1290 2962 1453 3037 advenire,
1469 2960 1553 3048 quod

307 3062 387 3126 mihi
420 3064 556 3127 affectus
589 3063 794 3149 studiumque
817 3077 909 3126 tuum
932 3060 1156 3127 conservandae
1178 3062 1225 3126 rei
1248 3062 1429 3126 communis
1452 3062 1554 3126 Evan-

305 3163 418 3249 gelicae
440 3177 473 3228 et
495 3163 644 3228 amicitia
666 3165 751 3227 inter
772 3164 894 3250 Regem
918 3164 1149 3249 Principesque
1171 3177 1296 3227 nostros
1317 3176 1454 3240 constet,
1469 3163 1553 3227 ideo·

305 3286 369 3349 que
401 3263 561 3328 confidam
594 3278 627 3329 te
661 3264 895 3329 studiosissime
928 3264 1178 3341 elaboraturum,
1211 3287 1252 3329 ne
1286 3264 1378 3328 locus
1411 3263 1552 3328 consiliis

306 3365 484 3442 contrariis,
506 3379 540 3430 ct
554 3365 672 3450 quibus
687 3364 759 3429 tolli
773 3364 965 3429 imminnive
981 3365 1125 3429 amicitia
1139 3387 1213 3428 cnm
1230 3366 1395 3450 utriusque
1411 3376 1551 3428 nostrum

306 3465 432 3529 iactura
454 3466 566 3550 possit,
589 3468 697 3539 detnr;
721 3489 887 3552 nunqnam
910 3465 1025 3529 melius
1047 3488 1107 3528 neo
1129 3466 1169 3529 de
1193 3464 1343 3549 Principe
1365 3478 1424 3529 tuo
1440 3488 1498 3530 nec
1512 3463 1551 3527 de

308 3587 342 3628 re
365 3567 526 3631 communi
550 3568 731 3632 mereberis.
777 3567 837 3631 Sed
861 3568 900 3631 de
924 3567 973 3630 his
995 3567 1029 3630 in
1051 3588 1189 3652 praesons
1217 3567 1305 3631 satis.
1352 3565 1453 3630 Volui
1468 3564 1551 3630 enim

308 3665 368 3730 bac
391 3668 558 3732 occasione
581 3668 694 3734 saltem
717 3668 866 3732 refricare
890 3668 951 3731 tibi
973 3667 1075 3730 nostri
1102 3666 1305 3746 memoriam3
1328 3666 1459 3731 interim
1481 3666 1551 3751 quis

307 3789 412 3831 rerum
435 3781 538 3833 status
560 3792 618 3854 per
640 3768 843 3833 Germaniam
867 3783 963 3855 atque
990 3768 1024 3831 in
1047 3767 1166 3832 vicinia
1192 3768 1244 3844 sit,
1267 3768 1294 3831 si
1318 3767 1397 3832 mihi
1413 3789 1549 3831 commn-

307 3869 475 3946 nicaveris‚
498 3883 630 3955 putate
654 3869 733 3933 mihi
756 3869 933 3932 maximum
957 3868 1097 3932 officium
1120 3869 1315 3955 prestitisse.
1365 3868 1452 3933 Vale.
1490 3867 1552 3931 Da·

212 4003 214 4008 ·
308 3968 424 4033 bantur
446 3969 595 4058 Elbingae
618 3970 669 4034 die
694 3970 906 4035 attenuasti
929 3976 992 4035 Au.
1018 3972 1110 4036 1627.

393 4142 483 4206 Kopia
501 4146 511 4193 1
529 4143 713 4192 Statsarklvet
731 4146 740 4192 1
760 4143 942 4206 Kenigsberg‚
962 4143 1053 4206 Ostpr.
1073 4144 1131 4193 Fol.
1150 4145 1200 4191 823
1219 4158 1242 4190 a.

832 4411 1032 4419 ——-——
