3248 5328
1247 433 1310 499 368

189 604 220 666 6.
265 601 472 688 Quaecunque
495 614 602 665 autem
626 601 707 665 ratio
730 599 870 664 maxime
886 601 1063 686 approbata
1077 599 1187 676 fuerit,
1202 599 1264 665 hoc
1280 600 1352 665 sub·

102 702 250 790 delegati
283 701 426 769 studiose
460 716 568 788 agent,
601 716 638 766 ut
670 700 724 767 vel
755 701 1009 767 commutatione
1041 701 1095 768 vel
1127 716 1217 769 certo
1246 702 1351 788 pretio

102 825 217 868 omnes
240 802 300 880 illi,
323 802 379 888 qui
401 802 454 869 hic
476 801 646 869 incastris
669 801 836 889 utriusque
859 815 916 866 aut
938 801 991 866 bic
1013 802 1046 865 in
1069 802 1219 867 Borussia
1240 818 1351 867 tenen·

102 919 164 980 tur,
203 905 244 969 ad
280 916 404 969 certum
441 903 527 967 diem
561 901 781 979 extrudantur,
820 915 916 989 atquo
947 902 1008 979 illi,
1045 902 1102 989 qui
1134 903 1168 967 in
1201 902 1349 981 Lironia,

102 1004 292 1081 Lithuania,
320 1003 435 1069 Suecia
462 1019 518 1069 aut
544 1003 680 1068 Polonia
704 1016 788 1081 sunt,
811 1003 851 1068 ad
874 1016 998 1069 certum
1020 1003 1105 1069 diem
1128 1003 1350 1090 prescriptum

100 1104 143 1168 ad
169 1104 292 1169 limites
315 1105 469 1175 Livoniae.
492 1104 676 1169 Lithuaniae
697 1118 784 1168 certo
807 1103 879 1168 loco
902 1117 1134 1191 praesententur
1156 1126 1192 1169 ac
1214 1104 1351 1183 liberen-

103 1219 165 1269 tur.
223 1204 291 1270 Ubi
322 1206 472 1292 inprimis
508 1204 637 1291 Wedigi
670 1204 760 1270 Maus
793 1204 977 1271 meminisse
999 1218 1138 1291 oportet,
1161 1205 1217 1291 qui
1239 1218 1350 1270 contra

103 1318 198 1392 pacta
232 1320 392 1371 conventa
421 1307 539 1371 ducum
562 1306 728 1393 utriusque
750 1307 850 1392 partis
872 1303 977 1370 adhuc
999 1304 1172 1384 detinetur,
1195 1328 1268 1371 cum
1292 1306 1350 1371 Po-

101 1406 170 1471 loni
192 1429 230 1471 ac
252 1406 410 1471 Lithuani
430 1428 542 1473 omnes
564 1406 649 1471 bona
671 1405 734 1471 lide
757 1405 882 1471 dimissi
904 1407 978 1471 sint.

188 1509 218 1571 7.
263 1507 351 1573 Dum
383 1508 425 1574 de
457 1507 546 1573 hisce
575 1506 778 1585 deliberatur,
801 1521 858 1573 aut
880 1507 937 1572 ubi
954 1509 1024 1592 jam
1046 1507 1127 1572 certi
1149 1506 1228 1593 quid
1251 1521 1349 1573 statu·

100 1620 174 1673 tum
207 1609 308 1673 fuerit
340 1609 441 1695 (quod
468 1608 753 1696 subdelegatorum
780 1609 958 1694 prudentias
980 1607 1218 1691 committitur),
1242 1609 1293 1673 illi
1315 1610 1350 1677 in

100 1708 292 1773 memoriam
314 1709 480 1775 vocabunt
501 1709 719 1796 subdelegatis
742 1708 915 1788 Polonicis,
938 1732 1007 1795 quae
1025 1709 1120 1774 initio
1140 1709 1260 1796 scripta
1274 1724 1349 1775 sunt

100 1832 122 1873 a
154 1832 207 1873 me
241 1811 281 1875 sd
311 1809 547 1875 Cancellarium
574 1809 681 1897 Regni
703 1809 844 1873 Poloniae
866 1809 905 1873 de
927 1808 1077 1875 ineundis
1100 1809 1197 1875 certis
1218 1811 1349 1875 rationi·

99 1909 162 1974 bus
196 1911 334 1976 durante
367 1910 453 1975 bello
486 1910 635 1975 valituris
662 1931 719 1997 pro
746 1908 936 1975 liberatione
963 1932 1085 1989 eorum,
1108 1910 1166 1996 qui
1187 1911 1240 1976 vel
1262 1913 1348 1998 capti

98 2024 188 2086 sunt,
211 2011 265 2076 vel
288 2033 368 2096 quos
391 2010 466 2098 capi
487 2011 671 2099 contigerit.
715 2010 807 2090 Quod
830 2011 857 2075 si
879 2010 981 2098 igitur
1001 2010 1052 2074 illi
1071 2025 1187 2098 putant
1202 2010 1349 2077 humani·

99 2111 163 2175 tati
190 2112 387 2179 conveniens
414 2126 471 2177 aut
493 2134 649 2179 memores
672 2110 824 2176 variantis
846 2111 994 2189 fortunae,
1015 2110 1081 2198 [ut]
1103 2111 1202 2175 etiam
1225 2113 1348 2177 miseris

98 2213 136 2276 in
169 2212 317 2281 futurum
349 2213 574 2300 prospiciatur,
605 2236 645 2278 eo
672 2212 703 2277 S.
731 2212 769 2276 R.
792 2212 905 2277 Mztem
928 2211 1096 2291 domiuum
1118 2225 1263 2291 nostrum
1285 2214 1348 2279 cle·

99 2312 338 2378 mentiosimum
375 2336 432 2379 sus
469 2327 583 2400 sponte
621 2336 656 2377 ac
689 2326 803 2377 natura
835 2311 1045 2379 inclinantem
1079 2313 1277 2391 induximus,
1311 2328 1349 2378 ut

97 2436 196 2478 cuum
235 2414 407 2480 adsensum
440 2413 589 2501 prrebeat,
622 2435 687 2500 quo
721 2412 850 2500 publica
884 2414 1080 2478 authoritate
1112 2413 1198 2479 inter
1230 2437 1280 2480 me
1315 2429 1348 2480 et

96 2513 338 2580 cancellarium
372 2515 479 2602 Regni
511 2514 652 2579 Poloniae
685 2527 780 2600 pacto
812 2514 962 2579 ineantur
987 2514 1226 2580 liberandorum
1248 2516 1347 2601 capti·

97 2637 224 2679 rorum.

184 2717 214 2781 8.
261 2716 295 2780 Si
327 2716 368 2781 de
400 2717 451 2781 his
482 2740 576 2803 agere
604 2715 821 2802 subdelegatis
844 2716 1013 2803 placuerit,
1035 2717 1135 2781 nostri
1158 2739 1191 2783 se
1214 2716 1347 2803 probare

96 2818 232 2882 modum
274 2817 428 2882 usitatum
461 2817 546 2882 inter
584 2816 746 2904 Hispanos
783 2830 816 2882 et
852 2816 969 2904 Belgas
1005 2818 1185 2895 ostendent,
1229 2818 1346 2904 quibus

96 2932 266 2983 menstruo
288 2918 451 3005 stipendio
474 2920 639 3005 captivum
661 2917 775 2982 redimi
799 2917 930 3002 placuit,
953 2917 1022 2982 sine
1043 2917 1228 2982 discrimine
1248 2916 1347 3004 [sive]

98 3042 224 3107 magnae
252 3018 318 3083 sint
344 3019 411 3085 sive
435 3019 562 3107 exiguae
585 3018 789 3083 conditionis.
834 3017 958 3097 Quibus
981 3017 1159 3082 rationibus
1182 3017 1209 3081 si
1233 3018 1346 3082 Poloni

94 3120 309 3197 adcesserint,
343 3133 500 3184 nostrates
535 3135 701 3207 pactorum
734 3120 950 3183 instrumento
983 3133 1150 3204 concepto,
1184 3119 1210 3183 si
1244 3119 1282 3183 ad
1312 3121 1345 3183 id

95 3233 147 3285 sat
179 3219 336 3307 temporis
368 3220 478 3298 fuerit,
512 3222 552 3286 de
585 3221 712 3285 cunctis
745 3220 986 3306 pertractabunt
1018 3234 1051 3285 et
1080 3221 1118 3285 ad
1141 3219 1345 3284 referendum

95 3320 289 3407 suscipient,
323 3320 385 3386 hoc
419 3334 527 3386 tamen
561 3320 768 3397 observando,
802 3343 843 3384 ne
870 3321 1039 3406 quisquam
1064 3320 1211 3385 militaris
1239 3320 1344 3398 homo,

94 3444 195 3508 quem
230 3422 303 3507 capi
335 3423 519 3510 contigerit,
547 3420 767 3508 er[c]ipistur,
794 3420 985 3485 nominatim
1012 3434 1049 3485 ut
1071 3434 1104 3486 et
1126 3420 1243 3486 Comes
1265 3422 1345 3486 Tur·

95 3522 209 3587 nensis
232 3536 329 3609 atque
352 3522 407 3586 alii
429 3522 665 3602 contineantur.

183 3625 212 3687 9.
260 3623 308 3687 De
335 3622 423 3688 hisce
450 3646 523 3688 cum
552 3623 750 3700 convenerit,
773 3638 829 3688 aut
850 3623 877 3687 si
900 3646 970 3709 quoe
993 3623 1200 3688 difficultates
1223 3647 1266 3688 ex
1286 3624 1344 3687 im-

98 3723 231 3809 proviso
254 3723 374 3788 obortae
396 3725 529 3802 suerint,
552 3723 736 3811 indigentes
758 3724 911 3789 ulteriore
931 3724 1125 3789 resolutione
1142 3724 1345 3811 subdelegsti

96 3824 164 3889 mei
193 3825 232 3889 ad
259 3838 363 3889 castra
389 3823 551 3901 redibunt,
578 3824 754 3889 constituto
778 3826 865 3910 prius
889 3825 929 3890 de
951 3839 1096 3911 tempore
1120 3840 1153 3889 et
1175 3825 1246 3889 loco
1268 3826 1344 3890 novi

94 3946 304 4013 congressus,
337 3926 394 3990 ubi
425 3926 488 3989 iste
519 3925 636 3991 melius
668 3926 826 4012 explicari
853 3925 986 4011 possint.
1034 3929 1154 3990 Actum
1178 3926 1344 3990 incastris

94 4028 138 4092 ad
160 4026 392 4123 Fallrenaviem
414 4026 467 4091 die
491 4028 511 4091 3
533 4025 680 4091 Octobris
704 4049 787 4090 anno
810 4028 892 4091 1626
905 4028 941 4109 ¹).

185 4165 276 4228 Kopia
294 4168 304 4215 l
321 4166 506 4215 Statsarklret
524 4167 533 4215 l
552 4165 734 4230 Konigsberg,
753 4166 844 4228 Ostpr.
865 4167 922 4215 Fol.
941 4170 990 4215 823
1009 4181 1032 4214 a.

96 4262 305 4275 ἡ

185 4315 206 4375 ¹)
232 4317 246 4366 1
272 4318 337 4367 brsl
363 4318 393 4367 nt
419 4317 444 4366 d.
473 4322 487 4365 4
511 4317 574 4366 ott.
597 4317 826 4375 (Oxenstlernska
845 4315 1009 4378 samllngsn)
1027 4315 1227 4366 undsrrattadc
1246 4316 1345 4366 Sadler

92 4402 231 4452 kanslern
249 4416 293 4453 om
312 4403 576 4451 sammankomstens
595 4402 713 4464 forlopp.

623 4585 822 4595 ...ι-...-
