3248 5328
1236 446 1297 512 tel

89 610 348 697 praevenerimus
370 624 404 677 et
424 612 459 676 in
481 633 538 675 vos
558 610 801 678 retorserimus?
833 611 926 678 Nihil
940 634 999 677 nos
1014 611 1067 677 hic
1081 612 1203 699 injuste
1216 615 1344 693 fecisse,

89 713 158 777 etsi
180 712 233 777 111.
257 712 332 777 Dzio
354 734 422 777 vua
442 712 545 778 litenis
568 712 633 777 suis
655 735 719 777 uon
742 724 904 801 agnoscat.
946 712 1050 779 Credo
1064 728 1173 779 tamen
1188 736 1258 780 eam
1273 736 1346 781 esse

89 827 126 877 et
150 813 359 901 prudentiam
382 825 520 879 vestram
543 828 576 879 et
597 813 826 890 sinceritatem,
843 827 881 878 ut
894 837 1000 901 neque
1015 813 1081 881 haee
1098 814 1220 883 nomiae
1236 830 1342 904 queat,

90 936 203 1000 neque
225 913 321 979 aliter
341 914 382 980 de
404 915 475 1000 ipso
498 914 635 1003 negocio
653 914 811 999 judicare.

181 1014 283 1079 Nulla
309 1014 406 1092 enim,
432 1015 538 1079 Deum
564 1028 675 1091 testor,
703 1015 767 1079 alia
788 1037 885 1079 causa
907 1014 937 1081 S.
961 1016 999 1081 R.
1023 1015 1094 1081 M2ti
1117 1017 1248 1082 domiuo
1271 1041 1346 1085 meo

89 1116 226 1181 exstitit
258 1114 335 1180 belli
368 1116 402 1180 in
433 1138 569 1202 regnum
596 1129 737 1181 vestrum
765 1129 820 1181 sut
842 1116 1043 1203 provinciam
1065 1117 1148 1183 hauc
1171 1117 1341 1196 inferendi,

91 1239 193 1303 quam
228 1230 266 1281 ut
299 1238 409 1302 pacem
439 1217 573 1301 justam,
606 1216 761 1282 hactenus
795 1240 813 1281 s
845 1240 959 1282 senmo
990 1218 1079 1305 Rege
1106 1242 1142 1283 ac
1165 1218 1344 1304 Republica

90 1331 205 1383 vestra
237 1316 439 1405 denegatam,
473 1317 570 1404 aequis
604 1316 776 1404 aliquando
808 1316 1054 1383 condicionibus
1086 1319 1256 1385 obtineret.
1311 1320 1346 1385 ls

91 1419 235 1495 animus,
262 1440 301 1483 ea
323 1439 413 1482 mens
436 1439 563 1504 semper
582 1417 657 1496 suit,
680 1431 871 1505 constatque
894 1419 1066 1484 sententia:
1085 1420 1208 1504 justam
1230 1442 1342 1507 paoem

90 1542 153 1608 per
187 1518 361 1583 Livoniam
395 1518 608 1605 quesivimus,
642 1517 776 1584 eandem
809 1518 844 1583 in
871 1518 1079 1585 Lithuaniam
1105 1542 1207 1607 usqua
1229 1523 1343 1587 sectati

92 1642 221 1697 sumus,
259 1619 313 1685 aad
346 1619 504 1684 hactenus
536 1620 665 1684 frustra.
720 1618 814 1684 Nunc
848 1620 1031 1685 Berusaiam
1063 1621 1199 1709 ingressi
1232 1643 1345 1686 sumus

90 1721 211 1788 eodem
235 1721 409 1808 proposito,
432 1742 468 1784 ac
487 1719 585 1805 jussit
606 1741 658 1785 me
681 1719 711 1784 S.
735 1719 772 1784 R.
796 1720 892 1784 M:taa
915 1718 1063 1785 dominus
1085 1744 1176 1787 meus
1199 1721 1250 1786 Ill.
1267 1722 1342 1787 Dani

91 1845 170 1887 vute
204 1820 397 1909 significare,
430 1843 470 1886 na
504 1820 635 1907 quidem
666 1842 753 1885 nunc
779 1842 812 1886 se
838 1821 922 1885 inter
943 1843 1113 1909 prosperos
1135 1845 1345 1889 successusa

91 1921 254 2010 legitimis
291 1921 482 1986 tractatibus
516 1921 696 1998 abhorrere,
735 1943 799 2007 quo
831 1934 865 1986 et
896 1922 1028 2009 antiqua
1060 1923 1204 1988 amicitia
1235 1924 1343 2011 regnis

91 2023 186 2088 hisco
207 2021 428 2099 deflorescere,
451 2021 626 2109 provinciae
641 2021 853 2107 tranquillari,
870 2023 1063 2087 commercia
1077 2021 1118 2089 de
1133 2046 1219 2089 novo
1233 2025 1346 2112 vigere

93 2138 130 2189 et
159 2124 289 2211 Regum
316 2136 498 2188 nostrorum
520 2137 587 2187 tam
609 2123 792 2210 propinquo
814 2122 982 2211 sanguinis
1003 2124 1135 2189 vinculo
1154 2125 1343 2209 junctorum

94 2225 197 2290 animi
230 2224 392 2289 restinctis
424 2222 508 2288 odiis
540 2223 694 2310 mitigari,
721 2239 822 2310 utque
849 2245 1020 2290 mucrones
1041 2224 1185 2312 ipsorum
1207 2224 1242 2289 in
1264 2224 1346 2290 alios

94 2325 215 2412 potius,
250 2347 347 2410 quam
379 2325 415 2388 in
440 2324 527 2410 ipsos
555 2338 668 2388 mutuo
694 2324 837 2389 seviant.
881 2325 941 2390 Est
963 2324 993 2389 S.
1016 2325 1053 2390 R.
1077 2325 1173 2391 Mztas
1194 2325 1345 2391 dominus

95 2448 187 2491 meus
220 2426 256 2489 in
288 2425 411 2503 castsia,
445 2424 535 2490 adast
566 2438 600 2490 et
629 2425 700 2490 Rex
721 2440 838 2501 vester,
861 2425 1026 2492 neuterius
1048 2425 1194 2492 absentia
1216 2448 1344 2491 causam

95 2529 238 2615 praebere
261 2526 411 2591 dilationi
433 2526 561 2612 poterit.
607 2525 640 2589 Si
661 2524 764 2613 igitur
786 2525 894 2611 placet
909 2525 949 2591 da
964 2548 1043 2612 pace
1058 2540 1225 2605 tractatus,
1240 2529 1345 2612 parati

97 2646 223 2705 sumus3
257 2626 308 2690 sin
341 2626 501 2713 displicet,
535 2649 604 2713 quaa
631 2638 722 2691 tanto
748 2640 894 2712 tempore
915 2626 1049 2692 tulimus
1071 2627 1228 2693 bellorum
1250 2628 1347 2707 mala,

97 2729 175 2794 sorti
209 2728 389 2793 etiamnum
421 2728 618 2814 perferemus
646 2726 762 2804 animo,
790 2745 824 2792 et
846 2727 970 2793 exitum
993 2727 1110 2793 divinae
1134 2728 1347 2814 providentiae

98 2853 137 2895 ac
158 2827 300 2894 bonitati
321 2829 568 2893 committemus.
613 2827 735 2892 Datum
756 2842 794 2891 ut
815 2849 922 2915 supra.

182 2968 275 3030 Kopla
293 2969 303 3016 t
321 2967 354 3016 K.
373 2968 559 3018 Statssrklvet
575 2969 586 3016 l
605 2965 786 3030 Kbnlgsberg
805 2965 897 3031 Ostpr.
916 2967 972 3017 Ful.
993 2970 1041 3016 stt
1061 2982 1084 3016 a.

99 3410 169 3466 18⁶.
214 3406 286 3463 'I'lll
308 3406 533 3463 wenceslaus
554 3405 797 3475 Lesaosynskl.

627 3507 752 3575 Lucet
773 3506 830 3563 vld
851 3507 1032 3565 Falkenau
1055 3507 1089 3563 d.
1112 3509 1129 3562 1
1152 3505 1229 3563 Okt.
1252 3507 1346 3563 1020.

100 3708 138 3773 ln
163 3723 244 3786 vlllig
271 3726 315 3772 att
336 3734 436 3785 geuom
458 3721 664 3772 kommissarlar
682 3721 874 3772 undarhandla
892 3736 936 3771 om
954 3721 1117 3785 tdngsbyte3
1139 3736 1183 3771 om
1201 3721 1276 3786 plats
1294 3722 1347 3772 och

184 3806 228 3857 tld
246 3806 293 3856 lor
311 3807 406 3855 dessas
423 3805 512 3855 lbrsta
530 3809 613 3856 mdte,

184 3935 364 4001 Existimat
395 3935 535 3999 illustris
568 3933 756 4000 Dominatio
782 3948 889 4000 vestra
915 3958 988 3999 eum
1012 3932 1144 3998 modum
1166 3933 1346 3998 ineundum

102 4035 302 4103 liberationis
327 4036 538 4122 captivorum,
565 4049 602 4099 ut
627 4050 732 4100 certus
760 4049 825 4100 tam
849 4059 892 4100 ex
913 4059 985 4101 mea
1007 4058 1103 4122 quam
1125 4050 1233 4099 vestra
1255 4046 1347 4119 parta

102 4137 341 4203 commissarius
363 4135 398 4200 in
420 4136 528 4200 locum
551 4150 769 4222 opportunum
792 4136 861 4222 pari
883 4136 1038 4201 comitatu
1061 4135 1230 4201 conveniat
1249 4157 1286 4198 sc
1306 4133 1345 4198 da

103 4239 302 4326 captivorum
329 4236 515 4302 nominibus
537 4251 571 4301 et
592 4236 779 4302 conditione
803 4250 984 4325 cognoscat.
1028 4237 1097 4302 Nec
1120 4236 1213 4300 nobis
1235 4235 1348 4322 displi-

103 4353 154 4405 cet
177 4340 276 4417 ratio;
302 4350 411 4403 ternos
433 4337 519 4402 enim
543 4337 629 4402 mitti
650 4337 883 4402 commissarios
905 4338 1057 4425 utrinque
1080 4337 1160 4401 utile
1183 4350 1272 4423 puto,
1296 4358 1348 4401 co·

103 4439 233 4504 mitatoa
255 4438 493 4526 quinquaginta
516 4438 691 4524 equitibus.
725 4438 832 4503 Locus
846 4438 985 4525 eligatur
998 4460 1098 4524 prope
1114 4436 1348 4515 Dirschaviam,

103 4564 174 4606 cum
208 4554 315 4605 castra
348 4552 453 4604 vestra
485 4561 549 4603 non
582 4539 695 4625 procul
727 4540 802 4604 inde
829 4538 939 4604 abesae
965 4538 1153 4624 intelligam.
1198 4539 1283 4618 Quid
1306 4537 1349 4602 de

104 4657 247 4729 tempore
282 4640 429 4715 seutiam,
464 4640 518 4704 ubi
546 4653 686 4705 mentem
714 4655 851 4705 vestram
874 4639 1084 4718 intellexero‚'
1101 4639 1196 4703 facile
1219 4662 1270 4703 me
1293 4658 1349 4723 op·
