3264 5354
1258 471 1278 533 5

82 640 113 702 li.
133 639 243 703 llztem
264 640 329 704 boc
352 662 420 704 non
444 639 580 726 publicar
603 639 649 703 rei
667 639 817 723 juvandas
839 660 945 709 causa,
967 636 1023 701 aed
1040 637 1173 724 privatis
1188 637 1320 702 rationi·

82 740 131 803 bns
154 740 321 806 inductam
350 763 467 829 urgere
494 763 531 805 ae
554 738 741 804 sollicitare.
785 738 917 803 Elector
939 761 1016 803 vero
1040 739 1320 826 Brundeburgieus

82 841 170 905 veluti
192 840 383 905 Germanici
404 840 534 926 imperii
556 842 708 927 princeps
729 862 767 904 ac
788 840 984 927 precipuum
1007 839 1185 904 membrum
1200 841 1321 904 instare

82 942 189 1025 poterit
222 965 263 1006 ac
297 963 487 1027 permovere
515 940 591 1005 illos
620 940 788 1027 Principes
809 941 879 1005 sine
903 940 969 1004 ulla
994 941 1178 1026 suspicione
1202 939 1320 1026 privati

81 1042 240 1120 commodi,
265 1043 407 1128 ideoque
430 1065 486 1129 per
506 1041 612 1128 ipsius
634 1040 870 1106 Celsitudinem
893 1040 942 1104 illi
965 1054 1061 1105 crunt
1082 1042 1116 1104 in
1139 1040 1200 1104 hoc
1221 1040 1319 1105 fedus

81 1144 252 1207 necessario
286 1142 481 1219 attrahendi,
514 1165 588 1206 oum
616 1141 767 1228 progredi
794 1142 888 1206 aliter
915 1155 947 1205 ct
969 1142 1141 1228 quicquam
1165 1164 1238 1204 cum
1262 1164 1318 1226 spe

81 1245 190 1307 fruetus
213 1244 359 1328 alicujus
383 1244 547 1329 suscipere
570 1242 600 1306 S.
625 1242 662 1306 R.
687 1243 781 1307 Mrtas
804 1255 954 1329 nequeat.
979 1241 1040 1306 nisi
1057 1255 1194 1328 utroque
1210 1242 1319 1328 Mega-

82 1344 214 1427 politano
238 1358 301 1409 aut
323 1345 362 1408 ad
386 1344 556 1408 minimum
581 1343 738 1408 alterutro
753 1343 863 1407 faederi
881 1343 1067 1413 accedente,
1084 1358 1117 1406 et
1133 1356 1229 1427 portu
1245 1364 1318 1406 eum

81 1445 201 1510 citime
226 1444 455 1509 Wismarienri
479 1445 509 1508 S.
535 1444 605 1509 Mei
629 1452 769 1529 patente.

155 1546 262 1611 Video
298 1569 341 1610 ex
374 1544 477 1610 literis
510 1545 576 1609 tuis
604 1567 749 1630 sparsum
777 1567 937 1609 rumorem
959 1545 1000 1609 de
1023 1567 1195 1630 congressu
1220 1544 1318 1630 Regis

81 1647 134 1709 mei
153 1660 187 1711 et
202 1647 332 1710 Daniae.
365 1646 402 1709 ld
421 1660 500 1732 puto
515 1646 591 1710 inde
607 1659 724 1722 ortum,
741 1645 828 1732 quod
845 1645 1006 1732 praeterito
1018 1667 1128 1710 mense
1140 1643 1319 1732 Octob[ris]

82 1762 203 1834 uterque
238 1748 314 1811 Rex
346 1746 461 1812 iisdem
493 1747 596 1811 ferme
625 1747 741 1811 diebus
768 1746 806 1810 sd
829 1745 950 1812 limites
972 1767 1047 1811 suos
1069 1760 1239 1825 venerant;
1263 1745 1317 1810 sed

80 1869 141 1911 eum
162 1847 193 1910 S.
216 1848 257 1912 R.
284 1848 380 1912 Mrtas
403 1847 651 1934 Gotboburgum
675 1846 864 1934 appelleret,
883 1849 952 1931 jam
969 1847 1141 1933 quatriduo
1157 1861 1230 1910 ante
1247 1847 1318 1912 Rex

81 1948 178 2011 Daniae
211 1949 360 2013 Behusio
393 1949 533 2013 solverat
565 1961 599 2012 et
631 1972 674 2012 err
708 1949 873 2035 Norregis
905 1949 939 2011 in
972 1948 1109 2012 Daniam
1137 1947 1316 2012 traiecerat.

81 2047 191 2113 Cuncta
215 2050 351 2136 quidem
375 2049 529 2114 hactenns
551 2050 590 2113 ab
614 2050 730 2113 ultimo
754 2062 894 2112 tractatu
916 2050 1002 2114 inter
1024 2049 1090 2113 haec
1113 2071 1212 2135 regna
1233 2062 1317 2113 tran·

80 2150 168 2233 quilla
199 2151 309 2227 suere,
337 2173 397 2214 nec
421 2150 494 2214 ullae
517 2150 625 2236 magni
649 2150 805 2215 momenti
828 2151 1054 2214 controversiae
1076 2172 1161 2213 nune
1184 2163 1315 2225 restant,

80 2252 153 2334 quod
173 2273 232 2315 noe
256 2251 391 2327 seimus,
414 2274 483 2337 quae
506 2252 697 2316 exacerbare
720 2265 777 2314 eut
800 2249 923 2314 alienos
945 2273 964 2313 a
986 2273 1019 2314 se
1042 2250 1183 2314 invicem
1207 2264 1316 2314 tenere

80 2351 187 2415 animos
209 2352 341 2437 Regum
364 2365 549 2415 nostrorum
572 2352 711 2437 possint3
734 2352 788 2416 sed
806 2369 916 2415 rumor
931 2373 1017 2414 nunc
1033 2351 1195 2437 spargitur
1210 2349 1316 2415 ubivis

79 2450 166 2516 sumre
188 2452 349 2528 locorum,
378 2475 415 2515 ao
441 2451 543 2517 literae
571 2453 717 2539 qnaedam
744 2477 761 2516 e
784 2452 897 2516 Daniae
919 2452 1046 2537 scriptae
1068 2475 1105 2515 ac
1127 2452 1315 2538 intercepte

80 2566 223 2617 testantur
255 2553 362 2618 saedus
395 2553 511 2639 agitari
538 2553 624 2617 inter
646 2554 752 2640 Reges
781 2553 892 2617 Daniae
920 2575 956 2616 ac
982 2551 1122 2616 l'oloniuc
1145 2552 1315 2617 adversum

79 2673 133 2716 noe.
175 2654 268 2718 Nihil
292 2653 427 2739 quidem
450 2654 557 2718 minus
580 2655 696 2720 merita
717 2669 767 2719 est
789 2655 820 2717 S.
843 2654 881 2718 R.
906 2654 1009 2729 Mnus,
1033 2676 1129 2739 quam
1154 2668 1191 2718 ut
1207 2654 1315 2718 istius·

79 2754 153 2818 nodi
171 2755 310 2819 consilia
334 2755 414 2819 adeo
436 2755 598 2820 contraria
620 2755 724 2840 pactis
745 2754 927 2829 conventis,
949 2754 1100 2819 amicitiae
1123 2768 1221 2840 atque
1236 2755 1314 2819 vici·

78 2853 169 2932 nitati
190 2870 263 2921 tum
287 2856 354 2942 ipsi
377 2879 505 2943 quoque
527 2855 574 2920 rai
598 2856 762 2920 communi
784 2856 931 2919 omnium
948 2856 1154 2942 agitarentur,
1171 2878 1232 2919 nec
1248 2877 1315 2919 ere·

78 2954 165 3019 dibile
187 2971 236 3021 est
261 2979 341 3021 vera
363 2958 499 3037 narrari;
521 2979 634 3021 verum
658 2980 731 3021 curn
754 2957 856 3022 literae
877 2956 1065 3041 interceptae
1087 2956 1121 3020 id
1144 2968 1313 3032 testentur,

18 3084 19 3099 ¹
79 3056 167 3121 tirum
200 3073 251 3122 ost
287 3059 320 3121 S.
355 3058 392 3123 R.
427 3058 499 3123 blzti
526 3081 578 3122 eea
604 3058 690 3144 ipsas
719 3080 793 3121 curn
818 3058 906 3143 Rege
930 3056 1042 3121 Deniae
1064 3057 1313 3132 communicare,

79 3155 223 3244 iussoque
250 3160 364 3244 legato
387 3182 446 3223 suo
469 3159 600 3223 uberius
622 3158 785 3223 declarare
810 3179 1005 3244 propensum
1028 3158 1061 3221 in
1084 3157 1210 3221 firmam
1237 3159 1314 3221 ami·

79 3256 172 3322 citiam
205 3260 364 3325 effectum
398 3280 504 3337 suum,
532 3282 568 3323 ao
596 3273 715 3345 petere,
740 3272 775 3323 ut
797 3258 860 3323 sibi
883 3258 1026 3323 vicissim
1049 3259 1089 3323 de
1112 3259 1183 3323 eius
1207 3258 1314 3322 animo

78 3374 223 3434 urentur,
257 3374 363 3446 utque
396 3361 429 3424 id
464 3361 535 3425 Rex
570 3360 679 3424 Danioe
707 3375 837 3445 sumpto
864 3360 905 3424 de
934 3358 1120 3424 authoribus
1147 3359 1313 3424 literarum

78 3460 223 3546 supplicio
246 3474 462 3525 contestetur.
477 3463 504 3544 ¹)
547 3461 630 3540 Quid
652 3462 798 3526 futurum
815 3461 857 3525 sit
872 3460 1096 3545 intelligemus
1112 3460 1313 3547 propediem.

146 3560 273 3637 Cetera,
310 3584 382 3647 quae
416 3561 497 3626 mibi
524 3563 580 3626 abs
607 3576 639 3626 te
667 3562 955 3639 communicantur,
978 3562 1160 3648 gratissima
1183 3562 1253 3625 Suee
1275 3562 1312 3626 lt.

77 3658 136 3724 troi
167 3663 267 3739 fuere,
304 3662 452 3747 inprimis
486 3662 572 3749 quod
606 3662 771 3748 intelligat
799 3661 981 3749 Principem
1011 3677 1102 3727 tuum
1130 3663 1312 3727 libertatern

78 3758 287 3827 Germanicam
313 3785 349 3826 ac
368 3765 423 3847 jus
446 3763 588 3850 Collegii
610 3763 804 3828 Electoralis
826 3777 891 3827 tam
915 3763 1055 3828 mercule
1078 3764 1172 3841 tueri,
1197 3779 1234 3829 ut
1253 3787 1313 3829 neo

146 3934 166 3995 ¹)
186 3937 371 3987 Sendebudet
389 3951 439 3986 var
457 3937 570 3986 Gabriel
590 3937 754 3986 Gustalsson
774 3936 966 3985 Oxenstlcrna.
1004 3936 1078 3986 Hane
1096 3937 1219 3988 kredltlv
1238 3939 1267 3987 el
1286 3938 1312 3987 d.

78 4019 102 4064 ³⁰
124 4020 183 4071 Dee.
212 4024 279 4070 1624
309 4021 398 4070 finnes
421 4023 431 4070 1
452 4021 526 4071 areta
544 4020 587 4070 ὃν.
606 4021 772 4083 registrstur
789 4021 836 4070 fol.
856 4023 917 4073 art:
936 4020 1006 4070 hans
1025 4023 1202 4083 lnstrnktion,
1220 4037 1255 4072 en
1273 4022 1313 4070 bi·

78 4102 236 4166 lustrultlon,
261 4109 306 4155 ett
323 4104 467 4154 memorlal
485 4106 564 4154 biver
582 4105 669 4167 nigra
686 4104 695 4153 i
714 4105 920 4155 instruktlonen
940 4108 1083 4155 uteslntna
1101 4108 1222 4156 brendon
1242 4110 1313 4154 ssmt

77 4182 133 4236 bam
148 4203 216 4251 egen
234 4190 391 4239 borittelse
410 4188 489 4238 diver
507 4188 727 4252 besklokntngen
747 4193 795 4239 tro
813 4190 924 4252 tryokts
941 4190 991 4239 hoa
1003 4190 1182 4251 Loeubom‚
1195 4188 1312 4239 stne·

79 4268 215 4331 aretinus,
238 4272 270 4322 11
293 4272 345 4323 sid.
365 4276 491 4333 51-122,
509 4273 663 4337 hvarjimte
682 4273 889 4324 instraktlonen
907 4279 979 4323 sarnt
997 4274 1085 4323 andra
1102 4274 1315 4337 beskicknlngs·¹

78 4350 227 4419 bmdlingar
244 4380 280 4390 -
299 4357 413 4419 konung
432 4357 584 4407 Christiane
596 4357 686 4407 iurata
698 4359 750 4408 och
763 4358 851 4408 andra
863 4358 1017 4408 resolution
1031 4362 1102 4407 samt
1114 4359 1311 4409 Oxenatlernss

79 4437 167 4499 replica
184 4441 219 4503 pa
237 4440 296 4490 dan
314 4442 406 4490 forato
423 4465 456 4475 -
474 4441 563 4490 lionae
582 4445 590 4490 l
610 4440 708 4505 koplor
725 4444 735 4491 i
754 4442 938 4502 Riksarkivet,
956 4443 1070 4502 Dentes,
1090 4443 1191 4505 capior
1209 4443 1238 4492 al
1250 4436 1314 4492 bref

79 4519 112 4568 till
135 4523 183 4572 och
210 4523 277 4573 fron
306 4523 447 4573 Danmark
469 4524 578 4589 pingue
603 4528 779 4587 rota-retr,
797 4528 832 4575 de
851 4525 1024 4576 slstntmnda
1042 4525 1181 4577 detentum
1201 4527 1283 4576 niven
1301 4526 1311 4575 i

80 4602 175 4667 Dorica,
189 4607 340 4658 forbaudl.
354 4608 456 4658 mellan
469 4608 581 4672 Sverlge
594 4610 646 4660 och
659 4610 800 4661 Dnnmark
814 4613 981 4659 lert—lert
991 4615 1062 4660 samt
1072 4613 1082 4659 1
1093 4611 1312 4660 Oxenstlarnske

79 4690 148 4752 nul,
164 4691 243 4741 Foru.
262 4706 299 4742 m.
319 4692 433 4755 Sverlge
449 4695 503 4744 och
523 4695 618 4744 Dannr.
640 4698 812 4744 luto-1658.
