<?xml version="1.0" encoding="UTF-8"?>
<!DOCTYPE html PUBLIC "-//W3C//DTD XHTML 1.0 Transitional//EN"
    "http://www.w3.org/TR/xhtml1/DTD/xhtml1-transitional.dtd">
<html xmlns="http://www.w3.org/1999/xhtml" xml:lang="en" lang="en">
 <head>
  <title>
</title>
<meta http-equiv="Content-Type" content="text/html;charset=utf-8" />
  <meta name='ocr-system' content='tesseract 3.04.00' />
  <meta name='ocr-capabilities' content='ocr_page ocr_carea ocr_par ocr_line ocrx_word'/>
</head>
<body>
  <div class='ocr_page' id='page_1' title='image "./rikskanslerenax00akadgoog_0178.png"; bbox 0 0 3314 5362; ppageno 0'>
   <div class='ocr_carea' id='block_1_1' title="bbox 306 634 1557 4549">
    <p class='ocr_par' dir='ltr' id='par_1_1' title="bbox 307 634 1555 921">
     <span class='ocr_line' id='line_1_1' title="bbox 307 634 1555 724; baseline -0.001 -22"><span class='ocrx_word' id='word_1_1' title='bbox 307 638 468 702; x_wconf 76' lang='lat' dir='ltr'>missionis</span> <span class='ocrx_word' id='word_1_2' title='bbox 501 637 652 724; x_wconf 89' lang='lat' dir='ltr'>pacisque</span> <span class='ocrx_word' id='word_1_3' title='bbox 685 649 839 703; x_wconf 88' lang='lat' dir='ltr'>tractatus</span> <span class='ocrx_word' id='word_1_4' title='bbox 871 657 1065 712; x_wconf 79' lang='lat' dir='ltr'>exorsumm,</span> <span class='ocrx_word' id='word_1_5' title='bbox 1099 635 1225 701; x_wconf 84' lang='lat' dir='ltr'>adiecta</span> <span class='ocrx_word' id='word_1_6' title='bbox 1251 634 1484 709; x_wconf 77' lang='lat' dir='ltr'>admonitione,</span> <span class='ocrx_word' id='word_1_7' title='bbox 1511 656 1555 701; x_wconf 84' lang='lat' dir='ltr'>ne</span> 
     </span>
     <span class='ocr_line' id='line_1_2' title="bbox 309 735 1555 824; baseline -0.002 -21"><span class='ocrx_word' id='word_1_8' title='bbox 309 764 326 803; x_wconf 92' lang='lat' dir='ltr'>a</span> <span class='ocrx_word' id='word_1_9' title='bbox 360 752 450 824; x_wconf 87' lang='lat' dir='ltr'>parta</span> <span class='ocrx_word' id='word_1_10' title='bbox 483 752 592 802; x_wconf 88' lang='lat' dir='ltr'>nostra</span> <span class='ocrx_word' id='word_1_11' title='bbox 625 737 797 824; x_wconf 90' lang='lat' dir='ltr'>quicquam</span> <span class='ocrx_word' id='word_1_12' title='bbox 835 736 1023 802; x_wconf 73' lang='lat' dir='ltr'>hostilitatis</span> <span class='ocrx_word' id='word_1_13' title='bbox 1056 735 1147 800; x_wconf 84' lang='lat' dir='ltr'>vobis</span> <span class='ocrx_word' id='word_1_14' title='bbox 1181 735 1436 822; x_wconf 79' lang='lat' dir='ltr'>nostratibusque</span> <span class='ocrx_word' id='word_1_15' title='bbox 1470 736 1555 801; x_wconf 84' lang='lat' dir='ltr'>infe·</span> 
     </span>
     <span class='ocr_line' id='line_1_3' title="bbox 307 840 445 921; baseline 0 -18"><span class='ocrx_word' id='word_1_16' title='bbox 307 853 397 903; x_wconf 88' lang='lat' dir='ltr'>ratur</span> <span class='ocrx_word' id='word_1_17' title='bbox 408 840 445 921; x_wconf 83' lang='lat'>¹).</span> 
     </span>
    </p>

    <p class='ocr_par' dir='ltr' id='par_1_2' title="bbox 306 936 1557 3534">
     <span class='ocr_line' id='line_1_4' title="bbox 392 936 1555 1026; baseline -0.002 -22"><span class='ocrx_word' id='word_1_18' title='bbox 392 940 505 1004; x_wconf 88' lang='lat' dir='ltr'>Detuli</span> <span class='ocrx_word' id='word_1_19' title='bbox 538 938 600 1004; x_wconf 90' lang='lat' dir='ltr'>hoc</span> <span class='ocrx_word' id='word_1_20' title='bbox 633 939 673 1004; x_wconf 89' lang='lat' dir='ltr'>ad</span> <span class='ocrx_word' id='word_1_21' title='bbox 707 938 842 1026; x_wconf 82' lang='lat' dir='ltr'>Regiam</span> <span class='ocrx_word' id='word_1_22' title='bbox 876 936 1119 1024; x_wconf 85' lang='lat' dir='ltr'>M[ajesta]tem,</span> <span class='ocrx_word' id='word_1_23' title='bbox 1149 938 1260 1002; x_wconf 82' lang='lat' dir='ltr'>dmum</span> <span class='ocrx_word' id='word_1_24' title='bbox 1283 960 1390 1001; x_wconf 91' lang='lat' dir='ltr'>meum</span> <span class='ocrx_word' id='word_1_25' title='bbox 1413 937 1555 1003; x_wconf 83' lang='lat' dir='ltr'>aleman·</span> 
     </span>
     <span class='ocr_line' id='line_1_5' title="bbox 307 1038 1556 1127; baseline -0.002 -22"><span class='ocrx_word' id='word_1_26' title='bbox 307 1041 477 1117; x_wconf 84' lang='lat' dir='ltr'>tissimum,</span> <span class='ocrx_word' id='word_1_27' title='bbox 504 1040 570 1127; x_wconf 93' lang='lat' dir='ltr'>qui,</span> <span class='ocrx_word' id='word_1_28' title='bbox 592 1040 669 1105; x_wconf 88' lang='lat' dir='ltr'>licet</span> <span class='ocrx_word' id='word_1_29' title='bbox 687 1040 775 1124; x_wconf 90' lang='lat' dir='ltr'>justo</span> <span class='ocrx_word' id='word_1_30' title='bbox 798 1039 886 1125; x_wconf 88' lang='lat' dir='ltr'>pacis</span> <span class='ocrx_word' id='word_1_31' title='bbox 907 1050 1077 1125; x_wconf 84' lang='lat' dir='ltr'>tantopere</span> <span class='ocrx_word' id='word_1_32' title='bbox 1100 1038 1255 1124; x_wconf 71' lang='lat' dir='ltr'>expetitas</span> <span class='ocrx_word' id='word_1_33' title='bbox 1276 1052 1415 1105; x_wconf 88' lang='lat' dir='ltr'>tractatu</span> <span class='ocrx_word' id='word_1_34' title='bbox 1438 1039 1556 1125; x_wconf 88' lang='lat' dir='ltr'>despe-</span> 
     </span>
     <span class='ocr_line' id='line_1_6' title="bbox 307 1137 1555 1227; baseline -0.002 -21"><span class='ocrx_word' id='word_1_35' title='bbox 307 1157 377 1206; x_wconf 87' lang='lat' dir='ltr'>rato</span> <span class='ocrx_word' id='word_1_36' title='bbox 400 1165 486 1206; x_wconf 86' lang='lat' dir='ltr'>arma</span> <span class='ocrx_word' id='word_1_37' title='bbox 507 1163 565 1227; x_wconf 87' lang='lat' dir='ltr'>pro</span> <span class='ocrx_word' id='word_1_38' title='bbox 587 1139 780 1204; x_wconf 86' lang='lat' dir='ltr'>vindicanda</span> <span class='ocrx_word' id='word_1_39' title='bbox 801 1138 962 1226; x_wconf 82' lang='lat' dir='ltr'>dignitate</span> <span class='ocrx_word' id='word_1_40' title='bbox 985 1162 1044 1203; x_wconf 91' lang='lat' dir='ltr'>sua</span> <span class='ocrx_word' id='word_1_41' title='bbox 1066 1161 1103 1203; x_wconf 88' lang='lat' dir='ltr'>ac</span> <span class='ocrx_word' id='word_1_42' title='bbox 1126 1149 1212 1203; x_wconf 85' lang='lat' dir='ltr'>statu</span> <span class='ocrx_word' id='word_1_43' title='bbox 1235 1137 1451 1224; x_wconf 75' lang='lat' dir='ltr'>libertateque</span> <span class='ocrx_word' id='word_1_44' title='bbox 1475 1162 1555 1226; x_wconf 83' lang='lat' dir='ltr'>gen·</span> 
     </span>
     <span class='ocr_line' id='line_1_7' title="bbox 306 1238 1557 1328; baseline -0.003 -22"><span class='ocrx_word' id='word_1_45' title='bbox 306 1244 349 1306; x_wconf 90' lang='lat' dir='ltr'>tis</span> <span class='ocrx_word' id='word_1_46' title='bbox 379 1258 502 1318; x_wconf 73' lang='lat' dir='ltr'>nostre,</span> <span class='ocrx_word' id='word_1_47' title='bbox 526 1264 652 1306; x_wconf 91' lang='lat' dir='ltr'>summa</span> <span class='ocrx_word' id='word_1_48' title='bbox 672 1253 810 1328; x_wconf 83' lang='lat' dir='ltr'>urgente</span> <span class='ocrx_word' id='word_1_49' title='bbox 833 1240 1034 1318; x_wconf 71' lang='lat' dir='ltr'>necessitate,</span> <span class='ocrx_word' id='word_1_50' title='bbox 1058 1239 1190 1325; x_wconf 84' lang='lat' dir='ltr'>ceperit,</span> <span class='ocrx_word' id='word_1_51' title='bbox 1214 1238 1293 1304; x_wconf 89' lang='lat' dir='ltr'>adeo</span> <span class='ocrx_word' id='word_1_52' title='bbox 1314 1252 1423 1304; x_wconf 90' lang='lat' dir='ltr'>tamen</span> <span class='ocrx_word' id='word_1_53' title='bbox 1447 1239 1482 1302; x_wconf 92' lang='lat' dir='ltr'>in</span> <span class='ocrx_word' id='word_1_54' title='bbox 1500 1240 1557 1324; x_wconf 87' lang='lat' dir='ltr'>ju·</span> 
     </span>
     <span class='ocr_line' id='line_1_8' title="bbox 308 1340 1556 1429; baseline -0.002 -22"><span class='ocrx_word' id='word_1_55' title='bbox 308 1356 389 1407; x_wconf 88' lang='lat' dir='ltr'>stam</span> <span class='ocrx_word' id='word_1_56' title='bbox 413 1366 524 1429; x_wconf 89' lang='lat' dir='ltr'>pacem</span> <span class='ocrx_word' id='word_1_57' title='bbox 546 1341 735 1428; x_wconf 83' lang='lat' dir='ltr'>propendet,</span> <span class='ocrx_word' id='word_1_58' title='bbox 758 1355 796 1406; x_wconf 90' lang='lat' dir='ltr'>ut</span> <span class='ocrx_word' id='word_1_59' title='bbox 818 1340 887 1406; x_wconf 87' lang='lat' dir='ltr'>aius</span> <span class='ocrx_word' id='word_1_60' title='bbox 909 1340 1121 1427; x_wconf 82' lang='lat' dir='ltr'>adaequandas</span> <span class='ocrx_word' id='word_1_61' title='bbox 1142 1340 1356 1426; x_wconf 75' lang='lat' dir='ltr'>amicitiaeque</span> <span class='ocrx_word' id='word_1_62' title='bbox 1371 1362 1445 1403; x_wconf 91' lang='lat' dir='ltr'>cum</span> <span class='ocrx_word' id='word_1_63' title='bbox 1463 1341 1556 1426; x_wconf 85' lang='lat' dir='ltr'>Rege</span> 
     </span>
     <span class='ocr_line' id='line_1_9' title="bbox 307 1439 1556 1528; baseline -0.003 -20"><span class='ocrx_word' id='word_1_64' title='bbox 307 1467 344 1508; x_wconf 90' lang='lat' dir='ltr'>ac</span> <span class='ocrx_word' id='word_1_65' title='bbox 379 1443 557 1528; x_wconf 86' lang='lat' dir='ltr'>Republica</span> <span class='ocrx_word' id='word_1_66' title='bbox 588 1455 696 1507; x_wconf 85' lang='lat' dir='ltr'>vestra</span> <span class='ocrx_word' id='word_1_67' title='bbox 720 1443 911 1507; x_wconf 74' lang='lat' dir='ltr'>renovandae</span> <span class='ocrx_word' id='word_1_68' title='bbox 933 1441 1040 1505; x_wconf 89' lang='lat' dir='ltr'>nullas</span> <span class='ocrx_word' id='word_1_69' title='bbox 1062 1439 1247 1505; x_wconf 72' lang='lat' dir='ltr'>occasiones</span> <span class='ocrx_word' id='word_1_70' title='bbox 1269 1440 1312 1504; x_wconf 90' lang='lat' dir='ltr'>sit</span> <span class='ocrx_word' id='word_1_71' title='bbox 1333 1441 1556 1527; x_wconf 74' lang='lat' dir='ltr'>neglecturus.</span> 
     </span>
     <span class='ocr_line' id='line_1_10' title="bbox 309 1540 1557 1631; baseline -0.001 -24"><span class='ocrx_word' id='word_1_72' title='bbox 309 1544 391 1609; x_wconf 85' lang='lat' dir='ltr'>Mihi</span> <span class='ocrx_word' id='word_1_73' title='bbox 418 1558 451 1608; x_wconf 89' lang='lat' dir='ltr'>et</span> <span class='ocrx_word' id='word_1_74' title='bbox 477 1542 611 1631; x_wconf 80' lang='lat' dir='ltr'>collegis</span> <span class='ocrx_word' id='word_1_75' title='bbox 634 1542 714 1607; x_wconf 90' lang='lat' dir='ltr'>meis</span> <span class='ocrx_word' id='word_1_76' title='bbox 737 1542 818 1607; x_wconf 90' lang='lat' dir='ltr'>hanc</span> <span class='ocrx_word' id='word_1_77' title='bbox 841 1565 949 1606; x_wconf 87' lang='lat' dir='ltr'>curam</span> <span class='ocrx_word' id='word_1_78' title='bbox 973 1541 1004 1605; x_wconf 89' lang='lat' dir='ltr'>S.</span> <span class='ocrx_word' id='word_1_79' title='bbox 1027 1542 1064 1606; x_wconf 88' lang='lat' dir='ltr'>R.</span> <span class='ocrx_word' id='word_1_80' title='bbox 1088 1542 1183 1606; x_wconf 78' lang='lat' dir='ltr'>Mztas</span> <span class='ocrx_word' id='word_1_81' title='bbox 1206 1540 1379 1618; x_wconf 86' lang='lat' dir='ltr'>mandavit,</span> <span class='ocrx_word' id='word_1_82' title='bbox 1401 1555 1440 1605; x_wconf 90' lang='lat' dir='ltr'>ut</span> <span class='ocrx_word' id='word_1_83' title='bbox 1461 1565 1557 1606; x_wconf 81' lang='lat' dir='ltr'>exor-</span> 
     </span>
     <span class='ocr_line' id='line_1_11' title="bbox 308 1641 1556 1730; baseline -0.002 -21"><span class='ocrx_word' id='word_1_84' title='bbox 308 1668 374 1709; x_wconf 85' lang='lat' dir='ltr'>sum</span> <span class='ocrx_word' id='word_1_85' title='bbox 409 1644 448 1708; x_wconf 91' lang='lat' dir='ltr'>ad</span> <span class='ocrx_word' id='word_1_86' title='bbox 481 1643 599 1730; x_wconf 86' lang='lat' dir='ltr'>Ogram</span> <span class='ocrx_word' id='word_1_87' title='bbox 633 1642 772 1708; x_wconf 89' lang='lat' dir='ltr'>triennio</span> <span class='ocrx_word' id='word_1_88' title='bbox 797 1643 898 1707; x_wconf 85' lang='lat' dir='ltr'>ferme</span> <span class='ocrx_word' id='word_1_89' title='bbox 926 1641 1042 1706; x_wconf 81' lang='lat' dir='ltr'>abhinc</span> <span class='ocrx_word' id='word_1_90' title='bbox 1070 1643 1159 1729; x_wconf 81' lang='lat' dir='ltr'>pacis</span> <span class='ocrx_word' id='word_1_91' title='bbox 1181 1642 1279 1706; x_wconf 89' lang='lat' dir='ltr'>telam</span> <span class='ocrx_word' id='word_1_92' title='bbox 1302 1655 1556 1728; x_wconf 77' lang='lat' dir='ltr'>perterrerentur,</span> 
     </span>
     <span class='ocr_line' id='line_1_12' title="bbox 308 1742 1556 1831; baseline 0 -23"><span class='ocrx_word' id='word_1_93' title='bbox 308 1746 334 1809; x_wconf 86' lang='lat' dir='ltr'>si</span> <span class='ocrx_word' id='word_1_94' title='bbox 369 1745 424 1831; x_wconf 94' lang='lat' dir='ltr'>qui</span> <span class='ocrx_word' id='word_1_95' title='bbox 452 1768 471 1808; x_wconf 89' lang='lat' dir='ltr'>a</span> <span class='ocrx_word' id='word_1_96' title='bbox 493 1745 580 1830; x_wconf 82' lang='lat' dir='ltr'>Rege</span> <span class='ocrx_word' id='word_1_97' title='bbox 604 1766 640 1809; x_wconf 82' lang='lat' dir='ltr'>ac</span> <span class='ocrx_word' id='word_1_98' title='bbox 662 1743 841 1829; x_wconf 88' lang='lat' dir='ltr'>Republica</span> <span class='ocrx_word' id='word_1_99' title='bbox 864 1754 970 1807; x_wconf 79' lang='lat' dir='ltr'>vestra</span> <span class='ocrx_word' id='word_1_100' title='bbox 991 1743 1145 1808; x_wconf 89' lang='lat' dir='ltr'>darentur</span> <span class='ocrx_word' id='word_1_101' title='bbox 1167 1742 1393 1819; x_wconf 81' lang='lat' dir='ltr'>commissarii3</span> <span class='ocrx_word' id='word_1_102' title='bbox 1415 1742 1556 1830; x_wconf 84' lang='lat' dir='ltr'>ideoque</span> 
     </span>
     <span class='ocr_line' id='line_1_13' title="bbox 308 1843 1556 1931; baseline -0.001 -21"><span class='ocrx_word' id='word_1_103' title='bbox 308 1868 369 1922; x_wconf 89' lang='lat' dir='ltr'>me,</span> <span class='ocrx_word' id='word_1_104' title='bbox 393 1868 489 1931; x_wconf 90' lang='lat' dir='ltr'>quern</span> <span class='ocrx_word' id='word_1_105' title='bbox 513 1845 591 1908; x_wconf 91' lang='lat' dir='ltr'>alias</span> <span class='ocrx_word' id='word_1_106' title='bbox 614 1846 645 1908; x_wconf 87' lang='lat' dir='ltr'>S.</span> <span class='ocrx_word' id='word_1_107' title='bbox 668 1844 705 1908; x_wconf 86' lang='lat' dir='ltr'>R.</span> <span class='ocrx_word' id='word_1_108' title='bbox 730 1843 817 1907; x_wconf 81' lang='lat' dir='ltr'>Mztis</span> <span class='ocrx_word' id='word_1_109' title='bbox 839 1866 874 1908; x_wconf 90' lang='lat' dir='ltr'>ac</span> <span class='ocrx_word' id='word_1_110' title='bbox 897 1844 990 1931; x_wconf 79' lang='lat' dir='ltr'>regni</span> <span class='ocrx_word' id='word_1_111' title='bbox 1012 1843 1149 1931; x_wconf 80' lang='lat' dir='ltr'>negocia</span> <span class='ocrx_word' id='word_1_112' title='bbox 1170 1844 1307 1930; x_wconf 89' lang='lat' dir='ltr'>ipsaque</span> <span class='ocrx_word' id='word_1_113' title='bbox 1328 1845 1467 1908; x_wconf 88' lang='lat' dir='ltr'>muueris</span> <span class='ocrx_word' id='word_1_114' title='bbox 1488 1845 1556 1909; x_wconf 90' lang='lat' dir='ltr'>mei</span> 
     </span>
     <span class='ocr_line' id='line_1_14' title="bbox 308 1944 1555 2031; baseline -0.002 -21"><span class='ocrx_word' id='word_1_115' title='bbox 308 1946 388 2011; x_wconf 88' lang='lat' dir='ltr'>ratio</span> <span class='ocrx_word' id='word_1_116' title='bbox 412 1945 583 2030; x_wconf 86' lang='lat' dir='ltr'>avocu[n]t,</span> <span class='ocrx_word' id='word_1_117' title='bbox 607 1945 692 2031; x_wconf 89' lang='lat' dir='ltr'>apud</span> <span class='ocrx_word' id='word_1_118' title='bbox 708 1967 741 2009; x_wconf 90' lang='lat' dir='ltr'>se</span> <span class='ocrx_word' id='word_1_119' title='bbox 756 1944 789 2007; x_wconf 90' lang='lat' dir='ltr'>in</span> <span class='ocrx_word' id='word_1_120' title='bbox 806 1944 918 2009; x_wconf 89' lang='lat' dir='ltr'>castris</span> <span class='ocrx_word' id='word_1_121' title='bbox 933 1966 1002 2009; x_wconf 90' lang='lat' dir='ltr'>esse</span> <span class='ocrx_word' id='word_1_122' title='bbox 1017 1945 1130 2009; x_wconf 86' lang='lat' dir='ltr'>voluit.</span> <span class='ocrx_word' id='word_1_123' title='bbox 1165 1945 1363 2030; x_wconf 81' lang='lat' dir='ltr'>Exoptarem</span> <span class='ocrx_word' id='word_1_124' title='bbox 1379 1967 1465 2021; x_wconf 86' lang='lat' dir='ltr'>sane,</span> <span class='ocrx_word' id='word_1_125' title='bbox 1482 1967 1555 2009; x_wconf 90' lang='lat' dir='ltr'>eam</span> 
     </span>
     <span class='ocr_line' id='line_1_15' title="bbox 307 2044 1555 2134; baseline 0 -25"><span class='ocrx_word' id='word_1_126' title='bbox 307 2046 433 2110; x_wconf 88' lang='lat' dir='ltr'>Illustri</span> <span class='ocrx_word' id='word_1_127' title='bbox 466 2069 501 2111; x_wconf 87' lang='lat' dir='ltr'>ac</span> <span class='ocrx_word' id='word_1_128' title='bbox 528 2044 739 2134; x_wconf 77' lang='lat' dir='ltr'>M[agnifi]cae</span> <span class='ocrx_word' id='word_1_129' title='bbox 767 2045 862 2110; x_wconf 91' lang='lat' dir='ltr'>D:oni</span> <span class='ocrx_word' id='word_1_130' title='bbox 885 2058 997 2110; x_wconf 75' lang='lat' dir='ltr'>vestrae</span> <span class='ocrx_word' id='word_1_131' title='bbox 1020 2059 1052 2109; x_wconf 91' lang='lat' dir='ltr'>et</span> <span class='ocrx_word' id='word_1_132' title='bbox 1075 2045 1209 2132; x_wconf 82' lang='lat' dir='ltr'>collegis</span> <span class='ocrx_word' id='word_1_133' title='bbox 1231 2045 1332 2131; x_wconf 91' lang='lat' dir='ltr'>ipsius</span> <span class='ocrx_word' id='word_1_134' title='bbox 1353 2045 1476 2110; x_wconf 87' lang='lat' dir='ltr'>factam</span> <span class='ocrx_word' id='word_1_135' title='bbox 1499 2069 1555 2132; x_wconf 92' lang='lat' dir='ltr'>po·</span> 
     </span>
     <span class='ocr_line' id='line_1_16' title="bbox 307 2145 1557 2233; baseline 0.001 -23"><span class='ocrx_word' id='word_1_136' title='bbox 307 2161 456 2212; x_wconf 84' lang='lat' dir='ltr'>testatem</span> <span class='ocrx_word' id='word_1_137' title='bbox 490 2160 524 2212; x_wconf 89' lang='lat' dir='ltr'>et</span> <span class='ocrx_word' id='word_1_138' title='bbox 557 2146 633 2211; x_wconf 89' lang='lat' dir='ltr'>data</span> <span class='ocrx_word' id='word_1_139' title='bbox 660 2146 818 2224; x_wconf 84' lang='lat' dir='ltr'>mandata,</span> <span class='ocrx_word' id='word_1_140' title='bbox 845 2159 881 2211; x_wconf 87' lang='lat' dir='ltr'>ut</span> <span class='ocrx_word' id='word_1_141' title='bbox 906 2170 971 2210; x_wconf 90' lang='lat' dir='ltr'>non</span> <span class='ocrx_word' id='word_1_142' title='bbox 994 2160 1059 2211; x_wconf 89' lang='lat' dir='ltr'>tam</span> <span class='ocrx_word' id='word_1_143' title='bbox 1083 2146 1122 2211; x_wconf 88' lang='lat' dir='ltr'>de</span> <span class='ocrx_word' id='word_1_144' title='bbox 1145 2145 1378 2232; x_wconf 88' lang='lat' dir='ltr'>praepuratoriis</span> <span class='ocrx_word' id='word_1_145' title='bbox 1401 2168 1498 2233; x_wconf 83' lang='lat' dir='ltr'>agere</span> <span class='ocrx_word' id='word_1_146' title='bbox 1521 2158 1557 2211; x_wconf 92' lang='lat' dir='ltr'>et</span> 
     </span>
     <span class='ocr_line' id='line_1_17' title="bbox 309 2246 1555 2335; baseline -0.001 -23"><span class='ocrx_word' id='word_1_147' title='bbox 309 2248 482 2335; x_wconf 84' lang='lat' dir='ltr'>negocium</span> <span class='ocrx_word' id='word_1_148' title='bbox 504 2247 738 2311; x_wconf 89' lang='lat' dir='ltr'>commissionis</span> <span class='ocrx_word' id='word_1_149' title='bbox 761 2247 869 2325; x_wconf 89' lang='lat' dir='ltr'>ordiri,</span> <span class='ocrx_word' id='word_1_150' title='bbox 892 2270 987 2334; x_wconf 90' lang='lat' dir='ltr'>quam</span> <span class='ocrx_word' id='word_1_151' title='bbox 1011 2246 1085 2312; x_wconf 86' lang='lat' dir='ltr'>lites</span> <span class='ocrx_word' id='word_1_152' title='bbox 1106 2247 1203 2333; x_wconf 89' lang='lat' dir='ltr'>ipsas,</span> <span class='ocrx_word' id='word_1_153' title='bbox 1226 2268 1334 2311; x_wconf 87' lang='lat' dir='ltr'>causas</span> <span class='ocrx_word' id='word_1_154' title='bbox 1356 2246 1448 2323; x_wconf 88' lang='lat' dir='ltr'>belli,</span> <span class='ocrx_word' id='word_1_155' title='bbox 1468 2269 1555 2311; x_wconf 91' lang='lat' dir='ltr'>com·</span> 
     </span>
     <span class='ocr_line' id='line_1_18' title="bbox 309 2347 1556 2435; baseline -0.002 -21"><span class='ocrx_word' id='word_1_156' title='bbox 309 2371 428 2435; x_wconf 85' lang='lat' dir='ltr'>ponere</span> <span class='ocrx_word' id='word_1_157' title='bbox 461 2362 494 2414; x_wconf 89' lang='lat' dir='ltr'>et</span> <span class='ocrx_word' id='word_1_158' title='bbox 523 2349 729 2413; x_wconf 87' lang='lat' dir='ltr'>determinari</span> <span class='ocrx_word' id='word_1_159' title='bbox 762 2347 884 2413; x_wconf 88' lang='lat' dir='ltr'>liceret.</span> <span class='ocrx_word' id='word_1_160' title='bbox 933 2348 1004 2413; x_wconf 85' lang='lat' dir='ltr'>Etsi</span> <span class='ocrx_word' id='word_1_161' title='bbox 1037 2370 1113 2412; x_wconf 78' lang='lat' dir='ltr'>vero</span> <span class='ocrx_word' id='word_1_162' title='bbox 1140 2371 1182 2411; x_wconf 85' lang='lat' dir='ltr'>ex</span> <span class='ocrx_word' id='word_1_163' title='bbox 1204 2370 1243 2411; x_wconf 90' lang='lat' dir='ltr'>ea</span> <span class='ocrx_word' id='word_1_164' title='bbox 1265 2360 1437 2434; x_wconf 70' lang='lat' dir='ltr'>potestate,</span> <span class='ocrx_word' id='word_1_165' title='bbox 1460 2349 1556 2412; x_wconf 86' lang='lat' dir='ltr'>cuius</span> 
     </span>
     <span class='ocr_line' id='line_1_19' title="bbox 309 2446 1557 2536; baseline -0.002 -21"><span class='ocrx_word' id='word_1_166' title='bbox 309 2450 477 2536; x_wconf 87' lang='lat' dir='ltr'>exemplar</span> <span class='ocrx_word' id='word_1_167' title='bbox 498 2450 631 2514; x_wconf 88' lang='lat' dir='ltr'>antehac</span> <span class='ocrx_word' id='word_1_168' title='bbox 655 2472 781 2513; x_wconf 90' lang='lat' dir='ltr'>mecum</span> <span class='ocrx_word' id='word_1_169' title='bbox 804 2448 1054 2513; x_wconf 86' lang='lat' dir='ltr'>communicavit</span> <span class='ocrx_word' id='word_1_170' title='bbox 1077 2446 1297 2535; x_wconf 84' lang='lat' dir='ltr'>m[agnili]cus</span> <span class='ocrx_word' id='word_1_171' title='bbox 1319 2462 1353 2512; x_wconf 87' lang='lat' dir='ltr'>et</span> <span class='ocrx_word' id='word_1_172' title='bbox 1374 2472 1557 2535; x_wconf 82' lang='lat' dir='ltr'>generosus</span> 
     </span>
     <span class='ocr_line' id='line_1_20' title="bbox 310 2548 1555 2636; baseline -0.001 -21"><span class='ocrx_word' id='word_1_173' title='bbox 310 2553 403 2615; x_wconf 84' lang='lat' dir='ltr'>dmus</span> <span class='ocrx_word' id='word_1_174' title='bbox 426 2550 594 2615; x_wconf 76' lang='lat' dir='ltr'>lohannes</span> <span class='ocrx_word' id='word_1_175' title='bbox 617 2549 800 2613; x_wconf 89' lang='lat' dir='ltr'>Gothardus</span> <span class='ocrx_word' id='word_1_176' title='bbox 823 2548 1098 2634; x_wconf 85' lang='lat' dir='ltr'>aTysenhausen‚</span> <span class='ocrx_word' id='word_1_177' title='bbox 1115 2549 1318 2625; x_wconf 88' lang='lat' dir='ltr'>castellanus,</span> <span class='ocrx_word' id='word_1_178' title='bbox 1333 2548 1366 2613; x_wconf 92' lang='lat' dir='ltr'>id</span> <span class='ocrx_word' id='word_1_179' title='bbox 1382 2550 1555 2636; x_wconf 73' lang='lat' dir='ltr'>presagire</span> 
     </span>
     <span class='ocr_line' id='line_1_21' title="bbox 309 2648 1555 2738; baseline -0.001 -23"><span class='ocrx_word' id='word_1_180' title='bbox 309 2674 477 2738; x_wconf 83' lang='lat' dir='ltr'>nequeam,</span> <span class='ocrx_word' id='word_1_181' title='bbox 511 2668 630 2727; x_wconf 89' lang='lat' dir='ltr'>tamon,</span> <span class='ocrx_word' id='word_1_182' title='bbox 659 2673 731 2714; x_wconf 91' lang='lat' dir='ltr'>cum</span> <span class='ocrx_word' id='word_1_183' title='bbox 759 2672 823 2713; x_wconf 90' lang='lat' dir='ltr'>non</span> <span class='ocrx_word' id='word_1_184' title='bbox 850 2649 892 2713; x_wconf 92' lang='lat' dir='ltr'>sit</span> <span class='ocrx_word' id='word_1_185' title='bbox 918 2648 1093 2714; x_wconf 84' lang='lat' dir='ltr'>verisimile</span> <span class='ocrx_word' id='word_1_186' title='bbox 1115 2650 1231 2714; x_wconf 87' lang='lat' dir='ltr'>Dmem</span> <span class='ocrx_word' id='word_1_187' title='bbox 1254 2663 1393 2714; x_wconf 88' lang='lat' dir='ltr'>vestram</span> <span class='ocrx_word' id='word_1_188' title='bbox 1415 2651 1455 2714; x_wconf 90' lang='lat' dir='ltr'>ad</span> <span class='ocrx_word' id='word_1_189' title='bbox 1479 2673 1555 2715; x_wconf 90' lang='lat' dir='ltr'>eum</span> 
     </span>
     <span class='ocr_line' id='line_1_22' title="bbox 310 2749 1556 2837; baseline -0.001 -21"><span class='ocrx_word' id='word_1_190' title='bbox 310 2753 441 2816; x_wconf 87' lang='lat' dir='ltr'>modum</span> <span class='ocrx_word' id='word_1_191' title='bbox 475 2774 508 2815; x_wconf 93' lang='lat' dir='ltr'>se</span> <span class='ocrx_word' id='word_1_192' title='bbox 542 2751 659 2837; x_wconf 85' lang='lat' dir='ltr'>saepius</span> <span class='ocrx_word' id='word_1_193' title='bbox 692 2772 855 2834; x_wconf 86' lang='lat' dir='ltr'>passuram</span> <span class='ocrx_word' id='word_1_194' title='bbox 890 2749 1062 2825; x_wconf 88' lang='lat' dir='ltr'>amandari,</span> <span class='ocrx_word' id='word_1_195' title='bbox 1095 2772 1169 2835; x_wconf 90' lang='lat' dir='ltr'>spes</span> <span class='ocrx_word' id='word_1_196' title='bbox 1202 2764 1293 2814; x_wconf 83' lang='lat' dir='ltr'>tenet</span> <span class='ocrx_word' id='word_1_197' title='bbox 1318 2773 1376 2813; x_wconf 91' lang='lat' dir='ltr'>uos</span> <span class='ocrx_word' id='word_1_198' title='bbox 1404 2749 1556 2816; x_wconf 86' lang='lat' dir='ltr'>adhunc</span> 
     </span>
     <span class='ocr_line' id='line_1_23' title="bbox 310 2849 1556 2940; baseline 0 -24"><span class='ocrx_word' id='word_1_199' title='bbox 310 2876 443 2940; x_wconf 87' lang='lat' dir='ltr'>scopum</span> <span class='ocrx_word' id='word_1_200' title='bbox 474 2852 606 2916; x_wconf 86' lang='lat' dir='ltr'>tandem</span> <span class='ocrx_word' id='word_1_201' title='bbox 639 2850 842 2916; x_wconf 89' lang='lat' dir='ltr'>collimatum</span> <span class='ocrx_word' id='word_1_202' title='bbox 874 2850 929 2929; x_wconf 86' lang='lat' dir='ltr'>iri;</span> <span class='ocrx_word' id='word_1_203' title='bbox 961 2850 1099 2937; x_wconf 83' lang='lat' dir='ltr'>ideoque</span> <span class='ocrx_word' id='word_1_204' title='bbox 1133 2850 1163 2915; x_wconf 84' lang='lat' dir='ltr'>S.</span> <span class='ocrx_word' id='word_1_205' title='bbox 1192 2851 1229 2915; x_wconf 88' lang='lat' dir='ltr'>R.</span> <span class='ocrx_word' id='word_1_206' title='bbox 1256 2850 1352 2914; x_wconf 77' lang='lat' dir='ltr'>Mztas</span> <span class='ocrx_word' id='word_1_207' title='bbox 1378 2849 1493 2928; x_wconf 87' lang='lat' dir='ltr'>voluit,</span> <span class='ocrx_word' id='word_1_208' title='bbox 1517 2868 1556 2916; x_wconf 91' lang='lat' dir='ltr'>ut</span> 
     </span>
     <span class='ocr_line' id='line_1_24' title="bbox 311 2951 1556 3040; baseline -0.001 -23"><span class='ocrx_word' id='word_1_209' title='bbox 311 2953 549 3040; x_wconf 83' lang='lat' dir='ltr'>quamprimum</span> <span class='ocrx_word' id='word_1_210' title='bbox 582 2975 656 3017; x_wconf 90' lang='lat' dir='ltr'>cum</span> <span class='ocrx_word' id='word_1_211' title='bbox 689 2951 770 3016; x_wconf 81' lang='lat' dir='ltr'>lllzri</span> <span class='ocrx_word' id='word_1_212' title='bbox 803 2975 840 3016; x_wconf 90' lang='lat' dir='ltr'>ac</span> <span class='ocrx_word' id='word_1_213' title='bbox 867 2951 994 3038; x_wconf 75' lang='lat' dir='ltr'>Magtca</span> <span class='ocrx_word' id='word_1_214' title='bbox 1016 2953 1119 3016; x_wconf 76' lang='lat' dir='ltr'>chne</span> <span class='ocrx_word' id='word_1_215' title='bbox 1145 2964 1252 3015; x_wconf 84' lang='lat' dir='ltr'>vestra</span> <span class='ocrx_word' id='word_1_216' title='bbox 1274 2952 1556 3037; x_wconf 81' lang='lat' dir='ltr'>congrederemur.</span> 
     </span>
     <span class='ocr_line' id='line_1_25' title="bbox 312 3051 1557 3138; baseline -0.001 -19"><span class='ocrx_word' id='word_1_217' title='bbox 312 3055 430 3119; x_wconf 87' lang='lat' dir='ltr'>Praestc</span> <span class='ocrx_word' id='word_1_218' title='bbox 457 3077 510 3118; x_wconf 88' lang='lat' dir='ltr'>ero</span> <span class='ocrx_word' id='word_1_219' title='bbox 538 3077 610 3118; x_wconf 90' lang='lat' dir='ltr'>cum</span> <span class='ocrx_word' id='word_1_220' title='bbox 634 3053 683 3131; x_wconf 90' lang='lat' dir='ltr'>iis,</span> <span class='ocrx_word' id='word_1_221' title='bbox 707 3074 786 3138; x_wconf 89' lang='lat' dir='ltr'>quos</span> <span class='ocrx_word' id='word_1_222' title='bbox 809 3051 890 3115; x_wconf 92' lang='lat' dir='ltr'>mihi</span> <span class='ocrx_word' id='word_1_223' title='bbox 913 3053 943 3115; x_wconf 88' lang='lat' dir='ltr'>S.</span> <span class='ocrx_word' id='word_1_224' title='bbox 966 3053 1003 3116; x_wconf 89' lang='lat' dir='ltr'>R.</span> <span class='ocrx_word' id='word_1_225' title='bbox 1029 3052 1122 3116; x_wconf 77' lang='lat' dir='ltr'>Mztas</span> <span class='ocrx_word' id='word_1_226' title='bbox 1145 3051 1307 3129; x_wconf 83' lang='lat' dir='ltr'>adiunxit3</span> <span class='ocrx_word' id='word_1_227' title='bbox 1331 3051 1420 3115; x_wconf 89' lang='lat' dir='ltr'>locus</span> <span class='ocrx_word' id='word_1_228' title='bbox 1443 3052 1478 3115; x_wconf 92' lang='lat' dir='ltr'>in</span> <span class='ocrx_word' id='word_1_229' title='bbox 1502 3053 1557 3118; x_wconf 81' lang='lat' dir='ltr'>Se·</span> 
     </span>
     <span class='ocr_line' id='line_1_26' title="bbox 311 3151 1556 3242; baseline -0.001 -22"><span class='ocrx_word' id='word_1_230' title='bbox 311 3155 454 3242; x_wconf 83' lang='lat' dir='ltr'>migullia</span> <span class='ocrx_word' id='word_1_231' title='bbox 487 3155 633 3241; x_wconf 78' lang='lat' dir='ltr'>eligutur,</span> <span class='ocrx_word' id='word_1_232' title='bbox 667 3153 796 3240; x_wconf 88' lang='lat' dir='ltr'>utrique</span> <span class='ocrx_word' id='word_1_233' title='bbox 830 3152 915 3239; x_wconf 90' lang='lat' dir='ltr'>purti</span> <span class='ocrx_word' id='word_1_234' title='bbox 947 3151 1144 3230; x_wconf 88' lang='lat' dir='ltr'>commodus,</span> <span class='ocrx_word' id='word_1_235' title='bbox 1178 3166 1235 3216; x_wconf 87' lang='lat' dir='ltr'>aut</span> <span class='ocrx_word' id='word_1_236' title='bbox 1268 3152 1295 3215; x_wconf 92' lang='lat' dir='ltr'>si</span> <span class='ocrx_word' id='word_1_237' title='bbox 1321 3152 1411 3216; x_wconf 84' lang='lat' dir='ltr'>vobis</span> <span class='ocrx_word' id='word_1_238' title='bbox 1435 3154 1556 3238; x_wconf 85' lang='lat' dir='ltr'>placet,</span> 
     </span>
     <span class='ocr_line' id='line_1_27' title="bbox 311 3252 1557 3343; baseline -0.002 -23"><span class='ocrx_word' id='word_1_239' title='bbox 311 3279 444 3343; x_wconf 81' lang='lat' dir='ltr'>agamus</span> <span class='ocrx_word' id='word_1_240' title='bbox 477 3254 530 3319; x_wconf 93' lang='lat' dir='ltr'>hic</span> <span class='ocrx_word' id='word_1_241' title='bbox 564 3256 602 3319; x_wconf 88' lang='lat' dir='ltr'>ad</span> <span class='ocrx_word' id='word_1_242' title='bbox 633 3254 773 3319; x_wconf 87' lang='lat' dir='ltr'>confinia</span> <span class='ocrx_word' id='word_1_243' title='bbox 794 3254 971 3333; x_wconf 79' lang='lat' dir='ltr'>Birsarum3</span> <span class='ocrx_word' id='word_1_244' title='bbox 994 3253 1080 3318; x_wconf 90' lang='lat' dir='ltr'>diem</span> <span class='ocrx_word' id='word_1_245' title='bbox 1103 3252 1234 3339; x_wconf 90' lang='lat' dir='ltr'>quidem</span> <span class='ocrx_word' id='word_1_246' title='bbox 1257 3253 1339 3317; x_wconf 76' lang='lat' dir='ltr'>Illzri</span> <span class='ocrx_word' id='word_1_247' title='bbox 1361 3276 1397 3317; x_wconf 91' lang='lat' dir='ltr'>ac</span> <span class='ocrx_word' id='word_1_248' title='bbox 1420 3253 1557 3342; x_wconf 81' lang='lat' dir='ltr'>Magzcoe</span> 
     </span>
     <span class='ocr_line' id='line_1_28' title="bbox 311 3353 1556 3439; baseline -0.001 -19"><span class='ocrx_word' id='word_1_249' title='bbox 311 3356 407 3420; x_wconf 81' lang='lat' dir='ltr'>Dzoni</span> <span class='ocrx_word' id='word_1_250' title='bbox 440 3369 553 3420; x_wconf 76' lang='lat' dir='ltr'>vestrm</span> <span class='ocrx_word' id='word_1_251' title='bbox 585 3355 735 3431; x_wconf 91' lang='lat' dir='ltr'>dicerem,</span> <span class='ocrx_word' id='word_1_252' title='bbox 766 3354 822 3418; x_wconf 93' lang='lat' dir='ltr'>sed</span> <span class='ocrx_word' id='word_1_253' title='bbox 850 3376 902 3418; x_wconf 94' lang='lat' dir='ltr'>me</span> <span class='ocrx_word' id='word_1_254' title='bbox 925 3354 1033 3439; x_wconf 91' lang='lat' dir='ltr'>potius</span> <span class='ocrx_word' id='word_1_255' title='bbox 1056 3355 1090 3418; x_wconf 93' lang='lat' dir='ltr'>in</span> <span class='ocrx_word' id='word_1_256' title='bbox 1113 3376 1150 3419; x_wconf 89' lang='lat' dir='ltr'>eo</span> <span class='ocrx_word' id='word_1_257' title='bbox 1171 3353 1241 3418; x_wconf 92' lang='lat' dir='ltr'>eius</span> <span class='ocrx_word' id='word_1_258' title='bbox 1264 3353 1434 3429; x_wconf 87' lang='lat' dir='ltr'>voluntati,</span> <span class='ocrx_word' id='word_1_259' title='bbox 1457 3356 1556 3420; x_wconf 91' lang='lat' dir='ltr'>modo</span> 
     </span>
     <span class='ocr_line' id='line_1_29' title="bbox 311 3454 1016 3534; baseline -0.004 -14"><span class='ocrx_word' id='word_1_260' title='bbox 311 3480 374 3520; x_wconf 91' lang='lat' dir='ltr'>non</span> <span class='ocrx_word' id='word_1_261' title='bbox 398 3457 533 3520; x_wconf 90' lang='lat' dir='ltr'>nimium</span> <span class='ocrx_word' id='word_1_262' title='bbox 557 3456 735 3534; x_wconf 88' lang='lat' dir='ltr'>differatur,</span> <span class='ocrx_word' id='word_1_263' title='bbox 760 3454 1016 3520; x_wconf 87' lang='lat' dir='ltr'>accommodabo.</span> 
     </span>
    </p>

    <p class='ocr_par' dir='ltr' id='par_1_3' title="bbox 311 3553 1557 4549">
     <span class='ocr_line' id='line_1_30' title="bbox 397 3553 1556 3642; baseline -0.001 -22"><span class='ocrx_word' id='word_1_264' title='bbox 397 3561 442 3621; x_wconf 86' lang='lat' dir='ltr'>At</span> <span class='ocrx_word' id='word_1_265' title='bbox 471 3557 556 3642; x_wconf 91' lang='lat' dir='ltr'>quod</span> <span class='ocrx_word' id='word_1_266' title='bbox 579 3555 675 3619; x_wconf 90' lang='lat' dir='ltr'>lll:ris</span> <span class='ocrx_word' id='word_1_267' title='bbox 699 3577 734 3618; x_wconf 89' lang='lat' dir='ltr'>uc</span> <span class='ocrx_word' id='word_1_268' title='bbox 757 3556 884 3642; x_wconf 65' lang='lat' dir='ltr'>Magna</span> <span class='ocrx_word' id='word_1_269' title='bbox 907 3570 1012 3619; x_wconf 90' lang='lat' dir='ltr'>vestra</span> <span class='ocrx_word' id='word_1_270' title='bbox 1033 3555 1107 3619; x_wconf 73' lang='lat' dir='ltr'>Dzio</span> <span class='ocrx_word' id='word_1_271' title='bbox 1129 3577 1187 3618; x_wconf 89' lang='lat' dir='ltr'>nos</span> <span class='ocrx_word' id='word_1_272' title='bbox 1211 3553 1370 3625; x_wconf 88' lang='lat' dir='ltr'>admonet,</span> <span class='ocrx_word' id='word_1_273' title='bbox 1395 3566 1431 3618; x_wconf 85' lang='lat' dir='ltr'>ut</span> <span class='ocrx_word' id='word_1_274' title='bbox 1456 3555 1556 3619; x_wconf 86' lang='lat' dir='ltr'>actio·</span> 
     </span>
     <span class='ocr_line' id='line_1_31' title="bbox 311 3655 1556 3740; baseline -0.001 -19"><span class='ocrx_word' id='word_1_275' title='bbox 311 3658 407 3722; x_wconf 91' lang='lat' dir='ltr'>nibus</span> <span class='ocrx_word' id='word_1_276' title='bbox 440 3656 630 3722; x_wconf 87' lang='lat' dir='ltr'>hostilitatis</span> <span class='ocrx_word' id='word_1_277' title='bbox 664 3657 890 3735; x_wconf 86' lang='lat' dir='ltr'>abstineamus,</span> <span class='ocrx_word' id='word_1_278' title='bbox 923 3656 1046 3720; x_wconf 90' lang='lat' dir='ltr'>nullam</span> <span class='ocrx_word' id='word_1_279' title='bbox 1081 3655 1222 3720; x_wconf 89' lang='lat' dir='ltr'>sentiens</span> <span class='ocrx_word' id='word_1_280' title='bbox 1255 3656 1295 3719; x_wconf 90' lang='lat' dir='ltr'>de</span> <span class='ocrx_word' id='word_1_281' title='bbox 1325 3677 1403 3740; x_wconf 85' lang='lat' dir='ltr'>pace</span> <span class='ocrx_word' id='word_1_282' title='bbox 1425 3655 1556 3720; x_wconf 89' lang='lat' dir='ltr'>institui</span> 
     </span>
     <span class='ocr_line' id='line_1_32' title="bbox 312 3756 1555 3844; baseline -0.001 -22"><span class='ocrx_word' id='word_1_283' title='bbox 312 3757 471 3823; x_wconf 90' lang='lat' dir='ltr'>actionem</span> <span class='ocrx_word' id='word_1_284' title='bbox 506 3781 609 3844; x_wconf 90' lang='lat' dir='ltr'>posse,</span> <span class='ocrx_word' id='word_1_285' title='bbox 643 3757 670 3821; x_wconf 91' lang='lat' dir='ltr'>si</span> <span class='ocrx_word' id='word_1_286' title='bbox 704 3757 834 3833; x_wconf 90' lang='lat' dir='ltr'>bellum,</span> <span class='ocrx_word' id='word_1_287' title='bbox 868 3757 996 3842; x_wconf 78' lang='lat' dir='ltr'>rupium,</span> <span class='ocrx_word' id='word_1_288' title='bbox 1029 3756 1229 3821; x_wconf 88' lang='lat' dir='ltr'>incursiones</span> <span class='ocrx_word' id='word_1_289' title='bbox 1256 3778 1319 3819; x_wconf 93' lang='lat' dir='ltr'>non</span> <span class='ocrx_word' id='word_1_290' title='bbox 1348 3757 1555 3833; x_wconf 86' lang='lat' dir='ltr'>cessaverint,</span> 
     </span>
     <span class='ocr_line' id='line_1_33' title="bbox 311 3856 1556 3945; baseline -0.002 -21"><span class='ocrx_word' id='word_1_291' title='bbox 311 3873 398 3924; x_wconf 87' lang='lat' dir='ltr'>certe</span> <span class='ocrx_word' id='word_1_292' title='bbox 432 3881 470 3922; x_wconf 86' lang='lat' dir='ltr'>co</span> <span class='ocrx_word' id='word_1_293' title='bbox 503 3881 604 3944; x_wconf 88' lang='lat' dir='ltr'>usque</span> <span class='ocrx_word' id='word_1_294' title='bbox 633 3857 713 3921; x_wconf 91' lang='lat' dir='ltr'>mihi</span> <span class='ocrx_word' id='word_1_295' title='bbox 739 3857 868 3922; x_wconf 84' lang='lat' dir='ltr'>laudata</span> <span class='ocrx_word' id='word_1_296' title='bbox 894 3872 1001 3922; x_wconf 80' lang='lat' dir='ltr'>vestra</span> <span class='ocrx_word' id='word_1_297' title='bbox 1022 3871 1055 3921; x_wconf 92' lang='lat' dir='ltr'>et</span> <span class='ocrx_word' id='word_1_298' title='bbox 1076 3858 1210 3945; x_wconf 75' lang='lat' dir='ltr'>equitas</span> <span class='ocrx_word' id='word_1_299' title='bbox 1233 3856 1332 3920; x_wconf 84' lang='lat' dir='ltr'>animi</span> <span class='ocrx_word' id='word_1_300' title='bbox 1355 3871 1404 3921; x_wconf 91' lang='lat' dir='ltr'>est</span> <span class='ocrx_word' id='word_1_301' title='bbox 1425 3871 1461 3920; x_wconf 92' lang='lat' dir='ltr'>et</span> <span class='ocrx_word' id='word_1_302' title='bbox 1482 3880 1556 3944; x_wconf 88' lang='lat' dir='ltr'>pru·</span> 
     </span>
     <span class='ocr_line' id='line_1_34' title="bbox 311 3956 1556 4037; baseline -0.002 -11"><span class='ocrx_word' id='word_1_303' title='bbox 311 3960 432 4037; x_wconf 87' lang='lat' dir='ltr'>dantia,</span> <span class='ocrx_word' id='word_1_304' title='bbox 456 3972 493 4024; x_wconf 90' lang='lat' dir='ltr'>ut</span> <span class='ocrx_word' id='word_1_305' title='bbox 513 3959 557 4035; x_wconf 91' lang='lat' dir='ltr'>id,</span> <span class='ocrx_word' id='word_1_306' title='bbox 582 3958 662 4023; x_wconf 87' lang='lat' dir='ltr'>licet</span> <span class='ocrx_word' id='word_1_307' title='bbox 683 3959 778 4023; x_wconf 88' lang='lat' dir='ltr'>rebus</span> <span class='ocrx_word' id='word_1_308' title='bbox 802 3960 916 4023; x_wconf 87' lang='lat' dir='ltr'>vestris</span> <span class='ocrx_word' id='word_1_309' title='bbox 938 3958 1152 4035; x_wconf 87' lang='lat' dir='ltr'>commodum,</span> <span class='ocrx_word' id='word_1_310' title='bbox 1175 3956 1266 4021; x_wconf 91' lang='lat' dir='ltr'>nobis</span> <span class='ocrx_word' id='word_1_311' title='bbox 1288 3969 1397 4020; x_wconf 84' lang='lat' dir='ltr'>tamen</span> <span class='ocrx_word' id='word_1_312' title='bbox 1421 3958 1556 4023; x_wconf 84' lang='lat' dir='ltr'>minime</span> 
     </span>
     <span class='ocr_line' id='line_1_35' title="bbox 311 4057 1555 4143; baseline -0.004 -17"><span class='ocrx_word' id='word_1_313' title='bbox 311 4062 506 4137; x_wconf 88' lang='lat' dir='ltr'>consultum,</span> <span class='ocrx_word' id='word_1_314' title='bbox 529 4060 614 4124; x_wconf 92' lang='lat' dir='ltr'>haud</span> <span class='ocrx_word' id='word_1_315' title='bbox 638 4059 823 4124; x_wconf 86' lang='lat' dir='ltr'>existimem</span> <span class='ocrx_word' id='word_1_316' title='bbox 846 4060 979 4123; x_wconf 77' lang='lat' dir='ltr'>Dzonem</span> <span class='ocrx_word' id='word_1_317' title='bbox 995 4071 1134 4123; x_wconf 83' lang='lat' dir='ltr'>vestram</span> <span class='ocrx_word' id='word_1_318' title='bbox 1151 4080 1277 4143; x_wconf 90' lang='lat' dir='ltr'>sperare</span> <span class='ocrx_word' id='word_1_319' title='bbox 1293 4081 1327 4122; x_wconf 88' lang='lat' dir='ltr'>se</span> <span class='ocrx_word' id='word_1_320' title='bbox 1343 4057 1555 4124; x_wconf 89' lang='lat' dir='ltr'>obtenturam.</span> 
     </span>
     <span class='ocr_line' id='line_1_36' title="bbox 312 4157 1556 4245; baseline -0.003 -19"><span class='ocrx_word' id='word_1_321' title='bbox 312 4162 439 4228; x_wconf 87' lang='lat' dir='ltr'>Statuut</span> <span class='ocrx_word' id='word_1_322' title='bbox 472 4163 511 4226; x_wconf 92' lang='lat' dir='ltr'>dc</span> <span class='ocrx_word' id='word_1_323' title='bbox 544 4161 636 4225; x_wconf 91' lang='lat' dir='ltr'>nobis</span> <span class='ocrx_word' id='word_1_324' title='bbox 669 4185 686 4225; x_wconf 86' lang='lat' dir='ltr'>c</span> <span class='ocrx_word' id='word_1_325' title='bbox 720 4183 806 4224; x_wconf 89' lang='lat' dir='ltr'>more</span> <span class='ocrx_word' id='word_1_326' title='bbox 839 4173 873 4223; x_wconf 87' lang='lat' dir='ltr'>et</span> <span class='ocrx_word' id='word_1_327' title='bbox 905 4159 1138 4223; x_wconf 90' lang='lat' dir='ltr'>consuetudine</span> <span class='ocrx_word' id='word_1_328' title='bbox 1167 4157 1313 4244; x_wconf 86' lang='lat' dir='ltr'>gentium</span> <span class='ocrx_word' id='word_1_329' title='bbox 1347 4172 1381 4221; x_wconf 88' lang='lat' dir='ltr'>et</span> <span class='ocrx_word' id='word_1_330' title='bbox 1406 4158 1556 4245; x_wconf 89' lang='lat' dir='ltr'>inprimis</span> 
     </span>
     <span class='ocr_line' id='line_1_37' title="bbox 312 4257 1557 4348; baseline -0.004 -21"><span class='ocrx_word' id='word_1_331' title='bbox 312 4263 509 4348; x_wconf 81' lang='lat' dir='ltr'>Reipublicae</span> <span class='ocrx_word' id='word_1_332' title='bbox 542 4285 615 4339; x_wconf 77' lang='lat' dir='ltr'>sure,</span> <span class='ocrx_word' id='word_1_333' title='bbox 649 4284 723 4325; x_wconf 94' lang='lat' dir='ltr'>cum</span> <span class='ocrx_word' id='word_1_334' title='bbox 755 4283 842 4325; x_wconf 88' lang='lat' dir='ltr'>arma</span> <span class='ocrx_word' id='word_1_335' title='bbox 863 4261 897 4324; x_wconf 93' lang='lat' dir='ltr'>in</span> <span class='ocrx_word' id='word_1_336' title='bbox 921 4283 1014 4323; x_wconf 89' lang='lat' dir='ltr'>manu</span> <span class='ocrx_word' id='word_1_337' title='bbox 1039 4271 1073 4323; x_wconf 87' lang='lat' dir='ltr'>et</span> <span class='ocrx_word' id='word_1_338' title='bbox 1094 4259 1274 4324; x_wconf 84' lang='lat' dir='ltr'>exercitum</span> <span class='ocrx_word' id='word_1_339' title='bbox 1297 4257 1330 4321; x_wconf 93' lang='lat' dir='ltr'>in</span> <span class='ocrx_word' id='word_1_340' title='bbox 1353 4257 1479 4322; x_wconf 89' lang='lat' dir='ltr'>hostico</span> <span class='ocrx_word' id='word_1_341' title='bbox 1502 4260 1557 4324; x_wconf 78' lang='lat' dir='ltr'>ha·</span> 
     </span>
     <span class='ocr_line' id='line_1_38' title="bbox 313 4359 1556 4448; baseline -0.002 -23"><span class='ocrx_word' id='word_1_342' title='bbox 313 4362 400 4441; x_wconf 79' lang='lat' dir='ltr'>beat3</span> <span class='ocrx_word' id='word_1_343' title='bbox 423 4386 527 4448; x_wconf 89' lang='lat' dir='ltr'>neque</span> <span class='ocrx_word' id='word_1_344' title='bbox 550 4362 583 4427; x_wconf 93' lang='lat' dir='ltr'>id</span> <span class='ocrx_word' id='word_1_345' title='bbox 606 4385 664 4426; x_wconf 90' lang='lat' dir='ltr'>nos</span> <span class='ocrx_word' id='word_1_346' title='bbox 686 4362 791 4426; x_wconf 84' lang='lat' dir='ltr'>facore</span> <span class='ocrx_word' id='word_1_347' title='bbox 814 4384 940 4447; x_wconf 88' lang='lat' dir='ltr'>aequum</span> <span class='ocrx_word' id='word_1_348' title='bbox 964 4374 1067 4445; x_wconf 91' lang='lat' dir='ltr'>putet,</span> <span class='ocrx_word' id='word_1_349' title='bbox 1090 4360 1174 4446; x_wconf 91' lang='lat' dir='ltr'>quod</span> <span class='ocrx_word' id='word_1_350' title='bbox 1197 4359 1274 4423; x_wconf 90' lang='lat' dir='ltr'>olim</span> <span class='ocrx_word' id='word_1_351' title='bbox 1297 4371 1331 4423; x_wconf 90' lang='lat' dir='ltr'>et</span> <span class='ocrx_word' id='word_1_352' title='bbox 1352 4371 1461 4423; x_wconf 89' lang='lat' dir='ltr'>nostro</span> <span class='ocrx_word' id='word_1_353' title='bbox 1477 4375 1556 4425; x_wconf 90' lang='lat' dir='ltr'>tem·</span> 
     </span>
     <span class='ocr_line' id='line_1_39' title="bbox 313 4459 1555 4549; baseline -0.002 -24"><span class='ocrx_word' id='word_1_354' title='bbox 313 4485 389 4549; x_wconf 90' lang='lat' dir='ltr'>pore</span> <span class='ocrx_word' id='word_1_355' title='bbox 416 4463 513 4526; x_wconf 86' lang='lat' dir='ltr'>simili</span> <span class='ocrx_word' id='word_1_356' title='bbox 535 4463 569 4525; x_wconf 93' lang='lat' dir='ltr'>in</span> <span class='ocrx_word' id='word_1_357' title='bbox 592 4484 667 4527; x_wconf 84' lang='lat' dir='ltr'>casu</span> <span class='ocrx_word' id='word_1_358' title='bbox 689 4462 884 4548; x_wconf 87' lang='lat' dir='ltr'>Respublica</span> <span class='ocrx_word' id='word_1_359' title='bbox 907 4475 1012 4524; x_wconf 88' lang='lat' dir='ltr'>vestra</span> <span class='ocrx_word' id='word_1_360' title='bbox 1034 4461 1182 4548; x_wconf 91' lang='lat' dir='ltr'>iniquum</span> <span class='ocrx_word' id='word_1_361' title='bbox 1206 4459 1374 4546; x_wconf 89' lang='lat' dir='ltr'>minusque</span> <span class='ocrx_word' id='word_1_362' title='bbox 1397 4460 1461 4524; x_wconf 88' lang='lat' dir='ltr'>sibi</span> <span class='ocrx_word' id='word_1_363' title='bbox 1483 4484 1555 4525; x_wconf 92' lang='lat' dir='ltr'>con·</span> 
     </span>
    </p>
   </div>
   <div class='ocr_carea' id='block_1_2' title="bbox 314 4570 1555 4745">
    <p class='ocr_par' dir='ltr' id='par_1_4' title="bbox 314 4570 1555 4745">
     <span class='ocr_line' id='line_1_40' title="bbox 398 4570 1555 4663; baseline -0.001 -14"><span class='ocrx_word' id='word_1_364' title='bbox 398 4597 417 4661; x_wconf 89' lang='lat'>¹)</span> <span class='ocrx_word' id='word_1_365' title='bbox 444 4601 573 4651; x_wconf 80' lang='lat' dir='ltr'>Skumlns</span> <span class='ocrx_word' id='word_1_366' title='bbox 600 4599 670 4662; x_wconf 82' lang='lat' dir='ltr'>bret,</span> <span class='ocrx_word' id='word_1_367' title='bbox 697 4602 727 4650; x_wconf 73' lang='lat' dir='ltr'>ai</span> <span class='ocrx_word' id='word_1_368' title='bbox 747 4601 773 4650; x_wconf 62' lang='lat' dir='ltr'>d,</span> <span class='ocrx_word' id='word_1_369' title='bbox 798 4604 829 4649; x_wconf 74' lang='lat'>24</span> <span class='ocrx_word' id='word_1_370' title='bbox 851 4602 918 4663; x_wconf 78' lang='lat' dir='ltr'>sug.</span> <span class='ocrx_word' id='word_1_371' title='bbox 941 4570 966 4648; x_wconf 81' lang='lat' dir='ltr'>rt.</span> <span class='ocrx_word' id='word_1_372' title='bbox 985 4603 1027 4660; x_wconf 65' lang='lat' dir='ltr'>aa,</span> <span class='ocrx_word' id='word_1_373' title='bbox 1049 4600 1137 4651; x_wconf 84' lang='lat' dir='ltr'>firmas</span> <span class='ocrx_word' id='word_1_374' title='bbox 1155 4598 1248 4662; x_wconf 77' lang='lat' dir='ltr'>tryokt</span> <span class='ocrx_word' id='word_1_375' title='bbox 1266 4598 1353 4648; x_wconf 86' lang='lat' dir='ltr'>bland</span> <span class='ocrx_word' id='word_1_376' title='bbox 1371 4597 1406 4647; x_wconf 85' lang='lat' dir='ltr'>da</span> <span class='ocrx_word' id='word_1_377' title='bbox 1427 4595 1555 4660; x_wconf 57' lang='lat' dir='ltr'>»datad</span> 
     </span>
     <span class='ocr_line' id='line_1_41' title="bbox 314 4683 948 4745; baseline -0.006 -9"><span class='ocrx_word' id='word_1_378' title='bbox 314 4687 441 4745; x_wconf 67' lang='lat' dir='ltr'>Litana»,</span> <span class='ocrx_word' id='word_1_379' title='bbox 462 4684 564 4734; x_wconf 84' lang='lat' dir='ltr'>hsarur</span> <span class='ocrx_word' id='word_1_380' title='bbox 582 4685 662 4733; x_wconf 88' lang='lat' dir='ltr'>detta</span> <span class='ocrx_word' id='word_1_381' title='bbox 680 4684 744 4734; x_wconf 74' lang='lat' dir='ltr'>bret</span> <span class='ocrx_word' id='word_1_382' title='bbox 761 4688 792 4734; x_wconf 70' lang='lat' dir='ltr'>ar</span> <span class='ocrx_word' id='word_1_383' title='bbox 810 4683 948 4733; x_wconf 74' lang='lat' dir='ltr'>hamtadt.</span> 
     </span>
    </p>
   </div>
   <div class='ocr_carea' id='block_1_3' title="bbox 0 0 1668 5362">
    <p class='ocr_par' dir='ltr' id='par_1_5' title="bbox 0 0 1668 5362">
     <span class='ocr_line' id='line_1_42' title="bbox 0 0 1668 5362; baseline 0 0"><span class='ocrx_word' id='word_1_384' title='bbox 0 0 1668 5362; x_wconf 95' lang='lat' dir='ltr'> </span> 
     </span>
    </p>
   </div>
  </div>
 </body>
</html>
