3288 5330
1273 384 1336 448 439

124 566 167 616 et
205 552 417 615 inconcussus
452 562 590 628 maneat,
636 549 771 637 Rexque
809 549 950 615 Poloniae
986 549 1069 615 nibil
1106 549 1167 615 sibi
1204 549 1379 617 adserendo

126 651 276 738 amplius
302 652 335 715 in
362 673 497 738 regnum
527 651 658 727 Sueeiae,
685 651 809 738 Regem
842 664 988 717 nostrum
1010 651 1143 737 proprio
1160 652 1234 735 jure
1258 652 1379 738 Regem

126 752 258 817 Sueciae
281 740 443 838 agnoscat,
466 752 671 838 Ordinesque
692 752 784 839 regui
808 751 896 817 omni
918 774 1006 816 nexu
1029 764 1062 816 et
1088 750 1288 838 obligatione
1304 775 1381 839 erge

123 876 168 918 se
192 868 226 919 et
250 867 395 939 posteros
418 875 492 916 suos
514 852 637 917 solutos
660 865 892 939 exemptusque
915 851 1043 917 babeat.
1089 852 1147 917 Hae
1170 853 1261 917 nobis
1277 875 1380 918 cause

127 954 224 1032 belli,
259 953 376 1039 quibus
408 953 470 1018 nisi
503 951 637 1018 sublatis
670 951 792 1018 nullam
826 953 911 1017 inter
943 974 1001 1016 nos
1028 952 1153 1019 firmam
1176 976 1288 1039 pacem
1311 976 1381 1019 osse

127 1078 239 1140 posse.
285 1053 418 1119 Interim
442 1054 469 1117 si
492 1052 580 1118 bisce
602 1052 845 1118 condicionibus
869 1076 980 1138 pacem
1005 1052 1177 1139 aliquando
1199 1054 1267 1119 fieri
1289 1075 1381 1140 posse

124 1154 373 1232 existimarent,
410 1168 602 1241 tempusque
637 1151 700 1219 boc
736 1166 833 1218 tantae
868 1153 915 1218 rei
951 1154 1158 1219 conficiendae
1194 1156 1292 1219 nimis
1329 1178 1382 1218 an·

127 1268 278 1341 gustum,
312 1278 376 1320 non
411 1256 548 1320 eversari
581 1254 611 1318 S.
645 1256 683 1319 R.
716 1254 828 1319 Mttem
862 1277 1024 1319 armornm
1056 1254 1311 1340 suspensionem,
1345 1270 1383 1318 ut

126 1355 284 1442 spacium
317 1357 359 1421 sit
392 1356 559 1421 commode
587 1368 620 1419 et
646 1355 755 1441 quiete
781 1355 821 1421 de
844 1355 906 1421 boc
928 1355 1064 1442 negocio
1087 1354 1203 1442 agendi
1226 1369 1268 1431 et,
1292 1353 1319 1419 si
1341 1355 1383 1419 sit

129 1480 152 1521 e
177 1480 224 1531 re,
247 1457 347 1521 etiam
369 1457 546 1522 amicorum
568 1455 797 1521 intercessione
820 1468 852 1521 ot
873 1478 971 1542 opera
983 1455 1107 1521 utendi.
1145 1456 1219 1520 Non
1234 1455 1384 1542 placebat

129 1556 204 1622 haee
233 1556 365 1623 Polonis
391 1556 567 1642 responsio,
589 1572 624 1621 et
645 1555 814 1642 suspensio
837 1579 998 1621 armorum
1021 1556 1124 1621 veluti
1146 1557 1243 1621 rebus
1264 1556 1383 1621 nostris

128 1657 390 1735 accommodate,
427 1657 488 1723 sibi
522 1680 600 1721 vero
632 1657 731 1721 noxia
764 1656 886 1721 urbana
918 1656 1128 1723 excusatione
1160 1656 1383 1736 reiieiebatur;

128 1757 333 1844 tandemque
377 1757 489 1823 multis
525 1756 602 1823 binc
634 1757 710 1823 inde
743 1780 802 1841 pro
832 1758 1009 1823 adserenda
1044 1758 1202 1844 cuiusque
1239 1770 1383 1823 nostrum

132 1858 373 1945 postulatorum
406 1858 566 1945 aequitate,
600 1859 647 1922 ita
678 1859 853 1923 discessum
881 1858 955 1934 fnit,
977 1871 1015 1922 ut
1037 1857 1152 1923 Poleni
1173 1881 1207 1921 se
1230 1858 1384 1925 delibera·

130 1976 228 2025 turos
250 1960 482 2046 responderent
503 1958 670 2045 nobisque,
693 1972 730 2023 ut
751 1959 791 2023 de
820 1959 933 2023 eodem
956 1959 1180 2044 cogitaremus,
1203 1958 1383 2024 suaderent.

225 2060 358 2126 Interim
395 2059 614 2125 animadverso
652 2061 712 2124 hoc
746 2060 809 2146 agi,
847 2074 886 2123 ut
917 2074 1077 2145 protracto
1111 2072 1255 2145 tempore
1288 2060 1386 2146 Regis

131 2161 242 2226 nostri
274 2161 308 2225 in
342 2160 489 2226 Sueeiam
518 2160 659 2226 reditum
680 2161 854 2248 ingruente
876 2158 995 2244 hyeme
1018 2174 1227 2236 morerentur,
1252 2161 1313 2226 etsi
1335 2183 1386 2227 ur-

128 2261 294 2348 gebamus
317 2274 447 2344 ceptum
470 2261 653 2347 negocium,
676 2275 784 2327 tamen
805 2259 974 2346 desperato
989 2275 1108 2328 eventu
1125 2261 1267 2325 animum
1283 2263 1386 2347 magis

134 2364 178 2429 ad
207 2362 428 2431 defensionem
453 2362 556 2427 nostri
579 2375 733 2427 minatam
756 2374 790 2426 et
810 2359 892 2425 belli
912 2362 1203 2437 continuationem,
1226 2384 1324 2447 quam
1346 2363 1384 2425 ad

135 2464 199 2527 hos
232 2461 351 2527 infidos
384 2475 537 2527 tractatus
565 2462 783 2527 adiunximus.
830 2465 951 2526 Actum
975 2462 1109 2547 quidem
1128 2461 1252 2529 interea
1275 2476 1326 2527 est
1345 2462 1385 2526 de

133 2587 226 2629 novo
258 2585 429 2650 congressa
460 2576 494 2629 et
519 2575 723 2628 commutatae
746 2561 871 2648 aliquot
892 2562 1003 2633 literas,
1027 2561 1158 2649 diesque
1181 2562 1299 2641 dietus,
1321 2586 1386 2649 que

135 2688 198 2729 nos
231 2663 518 2749 composuerimus3
552 2677 585 2727 at
611 2662 661 2727 illi
687 2663 740 2727 vel
763 2662 901 2728 consilia
920 2670 979 2727 s'ue
1001 2662 1131 2731 detecta
1151 2664 1310 2742 ridentes,
1334 2665 1386 2729 vel

132 2764 227 2851 quod
260 2764 343 2829 nihil
375 2762 494 2828 sinceri
526 2777 670 2850 egerent,
703 2764 847 2829 ulteriori
880 2785 1056 2850 congressu
1084 2764 1278 2830 abstinuere.
1324 2765 1386 2829 Hic

133 2865 251 2930 exitus
281 2864 347 2929 fuit
372 2876 529 2929 tractatus
556 2865 665 2939 nostri,
690 2876 787 2949 atque
810 2888 852 2929 ex
874 2887 912 2931 eo
936 2864 988 2929 die
1013 2865 1114 2929 altum
1136 2864 1265 2931 exstitit
1287 2865 1388 2931 utrin-

135 2987 205 3052 que
227 2965 402 3031 silentium.

227 3065 342 3131 Paucis
377 3079 450 3151 post
475 3064 601 3142 diebus,
627 3067 669 3131 26
691 3065 845 3131 videlicet
867 3065 1026 3143 Octobris,
1048 3066 1120 3131 Rex
1142 3088 1232 3131 meus
1254 3067 1288 3131 in
1311 3065 1387 3131 Sue·

133 3167 225 3233 ciam
248 3166 338 3230 abiit.
382 3166 454 3230 Rex
476 3165 619 3231 Polouiae
640 3165 693 3229 dic
717 3164 928 3231 antecedente
951 3165 1114 3253 ingressas
1137 3181 1187 3231 est
1201 3165 1386 3243 (ledanum,

136 3282 178 3332 ut
211 3267 299 3331 cives
333 3267 485 3343 firmaret,
519 3265 684 3353 promissis
716 3267 819 3351 magis
851 3288 946 3352 quam
980 3288 1014 3331 re
1033 3279 1190 3331 oneratos.
1234 3268 1387 3335 presenti

138 3368 225 3454 Regi
258 3367 345 3432 eires
378 3367 567 3432 obtulerunt
595 3366 741 3433 libellum
768 3366 959 3452 supplicem,
992 3368 1077 3433 inter
1098 3381 1207 3433 cetera
1227 3381 1387 3454 rogantes,

135 3492 181 3534 ne
216 3468 273 3553 qui
306 3467 431 3533 Godani
463 3467 679 3535 tolerarentur
710 3490 746 3533 ac
779 3465 926 3554 inprimis
958 3467 993 3533 in
1022 3468 1225 3554 magistratu,
1246 3469 1303 3553 qui
1324 3490 1388 3535 non

135 3582 251 3633 essent
282 3566 450 3655 religionis
484 3567 659 3633 Catholicae
693 3591 730 3632 ac
757 3567 960 3646 Lutberanae‚
989 3582 1103 3654 praeter
1125 3568 1275 3635 articulos
1298 3569 1387 3647 alios,

135 3671 200 3757 qui
221 3670 425 3734 concordiem
449 3669 590 3735 civitatis
612 3669 701 3733 nullo
724 3669 861 3756 negocio
884 3680 1018 3754 possunt
1039 3670 1212 3747 turbare¹).
1241 3670 1299 3735 Hae
1315 3693 1388 3733 eon·
1440 3720 1447 3731 .

138 3769 305 3835 tentiones
327 3770 470 3843 studiose
492 3771 645 3835 foventur
667 3783 700 3834 et
722 3770 943 3836 accenduntur
964 3794 982 3833 a
1002 3769 1337 3836 catholieo-Romanis
1352 3793 1387 3835 ac

136 3872 213 3957 ipss
250 3869 373 3935 Polona
408 3870 603 3956 Republica3
640 3869 697 3935 sed
730 3893 826 3956 quem
860 3871 926 3935 sint
958 3870 1086 3936 exitum
1119 3870 1286 3947 habiture,
1319 3869 1388 3935 dies

137 3971 281 4037 docebit

228 4071 302 4136 Rex
323 4071 464 4136 Poloniae
486 4095 530 4139 ex
551 4095 590 4137 eo
612 4085 757 4157 tempore
779 4072 915 4137 Toranii
937 4073 1069 4137 comitis
1092 4071 1215 4148 hebuit,
1235 4070 1291 4136 ubi
1306 4070 1388 4137 nibil

138 4171 207 4236 nisi
239 4172 280 4237 de
313 4171 400 4237 bello
434 4172 578 4238 Suecano
606 4186 641 4236 et
663 4173 698 4237 in
720 4173 755 4237 id
776 4173 977 4239 decernendo
998 4172 1142 4237 subsidio
1164 4186 1282 4237 actum.
1326 4172 1389 4238 De-

229 4357 248 4421 ¹)
266 4361 302 4409 Al
320 4360 412 4409 denna
428 4360 517 4420 libell,
537 4362 603 4411 »Dte
622 4361 794 4411 vernsmbste
813 4361 927 4421 Puncta,
945 4375 975 4411 so
994 4361 1111 4411 etallche
1129 4361 1232 4426 Burger
1248 4375 1301 4411 rea
1313 4360 1391 4411 lhrer

142 4443 256 4507 Konigl.
275 4444 324 4493 Mzt
343 4458 396 4493 von
415 4445 497 4494 Pelen
517 4446 566 4495 A:o
587 4420 650 4493 1d26
670 4445 725 4494 den
745 4442 818 4502 120)
837 4443 968 4493 Novemb.
982 4445 1140 4507 gebetten»,
1153 4444 1241 4494 finnes
1254 4445 1263 4493 i
1277 4442 1390 4494 Oxenst.

140 4530 220 4579 euml.
239 4523 352 4590 [Polska
370 4528 463 4591 irriget
483 4525 559 4591 lete]
576 4542 611 4578 en
628 4528 721 4592 kopla,
739 4528 853 4577 bsllken
871 4530 964 4592 enllgt
977 4527 1145 4592 peteeknlng
1163 4528 1189 4577 d.
1202 4532 1217 4577 7
1230 4528 1311 4577 Febr.
1326 4531 1389 4577 let?

142 4611 263 4663 anlandt
282 4612 326 4662 till
344 4612 511 4663 Stoekbolrn.
