3212 5352
344 498 405 561 226

300 663 499 741 reduximus,
536 665 581 729 ita
619 688 738 751 caepere
778 665 979 743 insolescere,
1013 680 1050 729 ut
1082 665 1212 752 quidam
1245 666 1533 743 commissariorum,

301 790 374 831 eum
398 766 506 829 minus
528 765 624 830 armis
640 765 852 852 manibusque
869 780 986 853 posset,
1002 767 1169 832 verberum
1186 767 1313 832 iniuriis
1328 767 1535 833 contumeliis·

300 890 362 954 que
385 866 547 931 exarderit
570 867 657 941 adeo,
681 879 718 930 ut
740 867 765 929 si
789 879 874 931 recte
890 867 998 930 omnia
1012 882 1212 943 censeantur,
1229 868 1344 933 Poleni
1359 892 1424 932 nen
1439 869 1534 932 minus

300 966 471 1057 dignitatis
486 990 551 1030 suae
567 989 662 1052 quam
674 980 789 1031 nostrae
802 980 835 1030 et
842 967 926 1051 juris
937 968 1082 1054 aequique
1095 992 1157 1055 prae
1168 969 1288 1033 effectu
1301 969 1533 1034 obliviscantur.

384 1068 469 1148 Quid
503 1090 588 1130 nuuc
621 1067 766 1131 futurum
801 1068 853 1145 sit,
885 1090 949 1131 non
979 1069 1073 1133 facile
1096 1069 1219 1133 dixere.
1264 1070 1345 1135 Sunt
1367 1070 1462 1145 enim,
1483 1071 1533 1156 qui

300 1193 412 1256 pacem
435 1182 592 1255 exoptent
615 1167 758 1254 bellique
782 1169 945 1233 molestias
967 1191 1003 1233 ac
1026 1169 1233 1234 difficultates
1255 1172 1376 1235 evitare
1397 1172 1536 1256 cupisat;

299 1295 359 1336 nec
393 1273 519 1345 desunt,
553 1270 609 1356 qui
642 1270 710 1332 eius
744 1269 894 1334 incendio
926 1270 1076 1334 fomitem
1104 1269 1233 1336 addant.
1284 1272 1413 1336 Patebit
1434 1286 1534 1336 autern

298 1373 399 1449 brevi,
433 1392 584 1457 quorsum
618 1370 847 1434 inclinaverint
873 1369 1030 1435 Ordinum
1058 1371 1282 1436 Polenicorum
1307 1387 1412 1437 motus
1435 1373 1468 1436 in
1489 1395 1534 1436 ce·

299 1474 408 1537 mitiis.
464 1473 571 1536 Tuum
605 1472 714 1557 itaque
743 1471 801 1535 erit
826 1495 883 1557 pro
905 1469 1076 1557 prudentia
1098 1485 1154 1537 tua
1176 1487 1292 1537 cuncta
1314 1474 1488 1560 diligenter
1506 1488 1535 1537 et

299 1588 445 1639 accurate
479 1574 640 1660 indagare,
671 1572 767 1637 sicuti
790 1571 879 1659 ipsus
902 1571 1069 1659 intelligis,
1093 1575 1205 1660 quant-i
1227 1589 1334 1639 nostra
1357 1576 1483 1639 intersit
1503 1598 1537 1639 ea

297 1675 490 1761 tempestive
514 1675 605 1738 scire.

382 1776 434 1840 Ad
459 1774 587 1861 publica
610 1775 754 1838 omniurn
778 1773 863 1860 quod
888 1775 1014 1849 attinet,
1038 1775 1111 1838 misi
1134 1775 1208 1839 binc
1226 1775 1428 1840 tabellarium
1445 1778 1539 1864 Regis

298 1877 360 1940 mei
395 1900 468 1941 cum
496 1876 608 1951 literis,
636 1875 795 1939 mandatis
818 1898 853 1939 ac
876 1874 1039 1939 statuendi
1064 1890 1223 1962 potestate
1246 1878 1285 1941 ad
1307 1879 1419 1941 dmum
1442 1879 1538 1942 Ruth·

296 1978 446 2064 gersium,
481 1991 516 2040 ut
549 1978 585 2053 is,
616 1978 750 2061 junctus
776 1990 956 2040 ceterorum
980 1976 1163 2063 principum
1187 1977 1302 2064 legatis
1324 2001 1362 2041 ea
1385 1979 1424 2043 de
1448 2003 1537 2045 eausa

298 2080 422 2166 Hagam
456 2078 592 2142 Comitis
619 2077 813 2155 convocatis,
838 2078 877 2141 de
900 2077 1037 2152 cunetis,
1060 2100 1130 2163 quae
1153 2078 1338 2143 viderentur
1360 2102 1403 2143 cx
1426 2104 1486 2143 usu
1507 2096 1536 2144 et

294 2205 338 2258 re,
361 2194 526 2244 statueret.
572 2178 655 2243 Cum
678 2177 734 2241 illo
758 2177 869 2264 scripsi
893 2179 932 2242 sd
955 2191 988 2243 te
1010 2178 1150 2245 uberius.
1173 2192 1211 2242 nt
1232 2203 1318 2243 nunc
1342 2203 1407 2243 non
1430 2195 1538 2266 putem

294 2305 398 2367 eperae
432 2280 580 2366 praetium
614 2303 682 2343 esse
716 2278 829 2343 eadem
864 2279 979 2365 saepius
1013 2294 1168 2365 repetere.
1217 2280 1314 2343 Libet
1337 2303 1423 2345 nunc
1450 2282 1536 2354 seire,

293 2383 370 2470 quid
399 2404 441 2445 ex
467 2380 573 2445 reditu
597 2378 763 2465 Fosbergii
786 2393 893 2444 actum
916 2380 967 2456 sit,
991 2381 1122 2467 etquid
1146 2379 1185 2444 de
1208 2380 1247 2444 iis
1271 2381 1406 2446 Ordines
1430 2383 1539 2447 ceteri·

293 2508 355 2572 que
379 2483 546 2567 Principes
565 2480 723 2565 judicent.

377 2583 462 2646 Volo
485 2582 570 2646 enim
595 2596 627 2645 te
650 2581 759 2645 isthaec
783 2604 841 2665 pro
864 2596 951 2646 certo
973 2595 1125 2659 statuere,
1149 2582 1179 2646 S.
1203 2583 1240 2646 R.
1264 2583 1336 2646 Mai
1360 2583 1447 2647 Dzno
1468 2607 1539 2647 meo

291 2685 375 2750 nihil
407 2707 467 2748 nee
502 2682 601 2745 animi
634 2705 694 2746 nec
724 2682 850 2746 consilii
879 2693 1034 2746 mutatum
1058 2704 1125 2746 esse
1148 2707 1190 2747 ex
1213 2706 1251 2746 eo
1274 2683 1337 2747 die,
1362 2707 1429 2769 que
1452 2686 1535 2771 cepit

292 2784 419 2872 negocii
443 2784 621 2848 eommunis
644 2806 753 2846 curam
777 2783 939 2869 amplecti,
963 2807 1021 2847 nec
1038 2797 1095 2862 est,
1113 2784 1199 2869 qued
1214 2784 1381 2848 existimes
1398 2786 1430 2848 S.
1444 2786 1536 2849 Suam

292 2889 403 2951 littero
426 2898 585 2949 retentam
608 2883 861 2969 abstractumque
885 2883 934 2947 his
956 2884 1208 2971 cogitationibus
1232 2885 1315 2948 bello
1337 2885 1454 2964 isthoc,
1475 2910 1535 2973 que

291 2989 459 3075 agitamur,
495 2984 658 3049 Polenico.
707 2984 743 3048 Id
771 2985 856 3048 enim
880 2984 983 3070 magis
1007 2986 1105 3049 etiam
1128 2986 1243 3050 incitat
1265 2986 1303 3049 ad
1327 2987 1464 3051 consilia
1484 2988 1535 3051 ist·

290 3089 367 3166 haee,
401 3111 474 3152 eum
509 3087 550 3149 sit
581 3085 791 3149 coniunctum
814 3099 847 3151 et
869 3086 961 3171 quasi
984 3101 1155 3171 cognatum
1180 3087 1344 3151 communi
1367 3110 1480 3163 causae,
1503 3104 1534 3151 ut

290 3192 428 3254 alterurn
462 3188 516 3274 qui
545 3186 649 3273 egerit
674 3185 827 3262 studiose,
851 3186 986 3251 alterum
1010 3200 1148 3272 nequeat
1170 3187 1346 3274 negligere,
1371 3202 1535 3276 suscepte·

289 3314 351 3376 que
385 3289 470 3355 bello
503 3287 668 3351 communi
697 3285 911 3350 diversionem
941 3287 1014 3352 hinc
1038 3287 1108 3350 lieri
1130 3310 1259 3352 necesse
1282 3288 1333 3351 sit.
1379 3290 1484 3376 quue
1504 3306 1533 3353 et

288 3392 397 3455 hostes
432 3389 531 3454 nostri
565 3387 748 3471 intelligere
782 3388 942 3465 videntur,
970 3388 1046 3451 dum
1070 3388 1104 3450 in
1127 3389 1238 3452 castris
1260 3389 1406 3474 ipsorum
1429 3413 1534 3454 rumor

288 3494 459 3577 spargitur,
487 3502 637 3553 vocatum
660 3489 781 3573 Regem
805 3512 913 3553 mcum
936 3488 1018 3575 Regi
1042 3489 1151 3552 Daniae
1173 3489 1207 3552 in
1230 3490 1424 3566 subsidium,
1450 3490 1532 3555 ideo

287 3615 348 3678 que
382 3593 435 3656 hic
469 3592 563 3655 armis
599 3588 761 3652 Pelonieis
795 3589 1005 3654 detinendum
1032 3611 1110 3653 esse.
1156 3590 1227 3677 Ego
1250 3613 1326 3653 vere
1349 3592 1439 3676 ipsos
1463 3614 1535 3655 nur·

288 3694 371 3779 piam
395 3692 540 3756 falsiores
562 3692 695 3767 futuros,
721 3712 814 3775 quam
839 3691 902 3764 hic,
926 3691 1028 3753 audeo
1048 3691 1205 3763 adserere,
1226 3690 1253 3754 si
1269 3692 1378 3767 ceteri,
1397 3715 1532 3779 querum

286 3795 430 3869 interest,
464 3792 495 3855 S.
531 3793 567 3856 R.
602 3791 674 3855 Mei
709 3792 901 3855 accesserint
928 3814 1026 3877 seque
1057 3814 1118 3877 ope
1141 3806 1174 3855 et
1196 3791 1329 3855 consilio
1349 3793 1532 3876 junxerint.

285 3917 357 3958 eum
381 3917 419 3957 ea
440 3893 563 3957 ratione
587 3892 706 3955 bellum
730 3892 814 3955 istuc
836 3905 943 3978 posset
958 3891 1133 3967 transferri,
1150 3892 1206 3955 ubi
1221 3916 1293 3956 cum
1311 3895 1532 3959 emolumento

284 3994 454 4080 utriusque
482 4008 621 4081 geratur,
644 4015 832 4078 summaque
855 3994 888 4055 vi
911 4008 944 4056 et
967 3995 1004 4057 ad
1028 4008 1180 4057 terrerem
1205 3993 1351 4058 hostibus
1374 3995 1533 4059 incutien-

284 4097 361 4160 dum
384 4095 607 4181 turbandaque
629 4094 764 4157 consilia
788 4117 897 4158 eorum
919 4095 1123 4179 suscipiatur.

368 4197 417 4260 lie
440 4220 516 4260 vere
539 4196 631 4259 nobis
654 4195 824 4280 quiequam
848 4196 1002 4281 temperis
1025 4209 1143 4281 pereat,
1167 4195 1197 4258 S.
1221 4196 1257 4259 R.
1282 4196 1377 4259 Mans
1398 4197 1434 4260 in
1455 4211 1532 4260 tem·

284 4320 360 4381 perc
384 4296 560 4360 constituet
583 4298 623 4359 de
646 4296 760 4360 militis
782 4296 860 4359 novi
883 4297 1131 4381 conscriptione,
1157 4320 1221 4383 quo
1246 4310 1356 4382 parata
1379 4299 1447 4362 sint
1468 4317 1531 4360 om·

283 4396 345 4471 nia,
373 4398 490 4483 quibus
517 4397 744 4482 indigebimus.
795 4398 901 4461 Tuum
931 4420 1006 4461 vero
1029 4398 1234 4476 esitantem,
1258 4412 1416 4483 quantum
1442 4400 1530 4463 inte

282 4511 339 4573 est,
363 4513 400 4560 ut
422 4500 521 4563 ceteri
544 4499 578 4561 in
603 4512 748 4583 tempore
773 4512 926 4576 statuant,
951 4500 1029 4584 quid
1054 4499 1123 4563 fieri
1147 4524 1164 4562 e
1187 4522 1220 4562 re
1244 4522 1301 4562 sua
1317 4523 1388 4564 esse
1405 4510 1529 4586 putant,

282 4612 378 4683 atquc
412 4598 486 4663 idco
520 4613 555 4662 ut
589 4598 620 4661 S.
655 4599 791 4685 Regiam
825 4600 937 4664 M2tem
968 4600 1007 4663 de
1035 4602 1101 4664 suis
1129 4600 1271 4663 consiliis
1294 4600 1529 4683 mittendisqne

281 4699 432 4763 subsidiis
457 4701 626 4764 certiorem
649 4701 781 4764 sacient.
