3248 5328
1227 456 1288 531 ³71

78 765 157 821 104.
202 764 390 834 besdebrer
417 766 473 821 for
508 764 577 822 den
608 765 732 835 polske
764 766 927 822 hunslem
952 766 1019 823 ooh
1042 766 1131 823 hans
1156 765 1332 823 meditem·

199 866 384 923 miscerier.
591 866 715 935 meret
736 864 793 922 vid
815 865 997 923 Pelkensu
1019 866 1111 923 mu
1133 864 1213 923 ort.
1235 866 1330 922 mo.

167 1026 293 1091 Notum
327 1037 545 1113 testmumque
578 1025 621 1090 sit
652 1025 814 1104 omnibus,
846 1027 1028 1112 quodcum
1051 1026 1202 1113 utrinque
1224 1027 1330 1091 visum

80 1140 180 1206 esset,
209 1127 280 1192 fore
299 1149 319 1191 e
341 1149 374 1191 re
397 1140 432 1192 et
453 1147 513 1191 usu
535 1125 790 1213 redintegrando
817 1126 968 1193 amicitiae
990 1139 1024 1195 et
1045 1126 1225 1192 communis
1246 1140 1331 1192 tren·

78 1227 257 1314 quillitatis
288 1227 486 1305 reducendus,
509 1240 557 1295 ‚ut
588 1225 652 1292 viri
674 1227 762 1314 pecie
784 1239 927 1293 amantes
949 1250 993 1293 ex
1015 1239 1150 1314 utreque
1172 1240 1262 1313 parte
1284 1252 1331 1294 se·

79 1328 161 1394 lecti
184 1326 470 1415 congrederentur,
496 1339 593 1414 etque
614 1327 837 1393 serenissimus
859 1350 896 1393 eo
918 1328 1159 1414 potentissimus
1182 1328 1330 1416 princeps

79 1452 119 1493 ac
152 1428 304 1494 dominus
337 1427 495 1492 Dominus
528 1427 690 1492 Gustatus
724 1427 906 1517 Adelphus,
929 1428 991 1494 Dei
1019 1429 1123 1518 gratis
1145 1428 1330 1507 Succorum,

80 1528 264 1594 Gothorum
288 1528 571 1614 Vendelorumque
594 1527 665 1594 Rex
687 1543 759 1605 etc,
780 1529 929 1594 dominus
946 1552 1035 1595 meus
1051 1529 1328 1607 clementissimus,

79 1652 142 1716 pro
165 1628 256 1716 pecie
278 1628 386 1693 studio
408 1651 466 1694 suo
493 1651 556 1693 non
579 1628 743 1716 ingratum
766 1630 896 1706 habere,
920 1644 957 1694 ut
978 1652 1040 1717 ego
1062 1630 1201 1695 Axelius
1224 1630 1330 1696 Oxen·

79 1731 204 1795 stierns
227 1742 300 1809 ete,
324 1729 485 1815 sdjunetis
508 1727 588 1793 mihi
611 1728 744 1816 collegis
766 1743 913 1816 quotuor,
936 1730 969 1794 in
986 1729 1186 1817 colloquium
1201 1730 1331 1796 descen·

79 1833 191 1896 derem
226 1831 299 1895 loco
332 1830 495 1895 communi
530 1831 666 1895 adsensu
688 1830 839 1896 instituto
861 1853 936 1895 curn
958 1830 1079 1894 illustri
1101 1843 1135 1896 et
1156 1831 1329 1919 magnifico

78 1931 215 1996 domino
239 1930 431 2017 Wenceslao
453 1930 571 1996 comite
594 1931 634 1995 de
655 1931 774 2007 Lesuo,
796 1931 903 2018 Regni
918 1931 1061 1997 Polonise
1083 1952 1232 2018 supremo
1248 1934 1330 2007 Gan·

78 2032 226 2109 odierio,
259 2044 356 2118 etque
388 2032 503 2116 dejns
524 2031 623 2097 adid
644 2031 805 2118 deputetis
827 2032 970 2118 collegis.
1016 2032 1140 2096 Idcirco
1164 2044 1201 2096 ut
1222 2031 1329 2097 dictus

79 2132 233 2197 dominus
266 2131 486 2197 Cancellarius
519 2154 687 2219 supremus
720 2132 826 2219 Regni
861 2132 1001 2197 Polonlae
1033 2133 1169 2219 ejusque
1196 2132 1328 2219 collegae

78 2256 154 2299 cum
188 2245 258 2297 toto
291 2253 349 2297 suo
381 2234 534 2298 comitatu
558 2256 597 2298 eo
619 2234 686 2298 sint
707 2232 840 2298 tutiores
862 2250 958 2320 atque
980 2233 1157 2298 securiores
1179 2233 1219 2297 ab
1241 2233 1328 2297 omni

79 2335 275 2399 nostratium
297 2332 420 2398 insultu
443 2331 554 2398 hostili
577 2347 635 2399 out
655 2333 790 2410 insidiis,
819 2333 902 2398 bons
927 2332 990 2398 fide
1012 2356 1049 2398 ac
1071 2334 1131 2398 sub
1154 2333 1252 2398 verbo
1274 2356 1328 2397 ve·

79 2434 188 2500 ritatis
222 2432 353 2498 nomine
386 2448 420 2500 et
448 2435 543 2518 jussu
577 2434 709 2521 speciali
743 2434 773 2498 S.
797 2434 835 2498 R.
858 2433 947 2498 Mttis
970 2435 1033 2499 mei
1057 2435 1223 2521 promitto,
1245 2432 1327 2498 nihil

79 2535 147 2601 illis
170 2534 301 2613 hostile,
324 2534 459 2622 periculi
482 2547 537 2600 eut
558 2533 754 2599 discriminis
781 2556 984 2622 equoquam
1007 2534 1195 2599 nostratium
1218 2534 1271 2598 vel
1293 2534 1326 2598 in

77 2637 129 2702 itu
164 2637 203 2701 sd
237 2656 454 2721 congressum,
488 2648 544 2699 aut
575 2635 651 2700 dum
673 2635 707 2698 in
734 2635 805 2700 loco
832 2656 1004 2713 moramur,
1027 2635 1080 2699 vel
1101 2635 1135 2699 in
1156 2634 1264 2699 reditu
1287 2637 1326 2700 sd

79 2749 184 2802 castre
205 2749 350 2801 creatum
372 2734 541 2800 illatumve
563 2735 618 2816 iri;
640 2749 674 2800 et
696 2735 723 2800 si
745 2759 796 2801 res
818 2736 925 2823 plures
949 2757 1044 2822 quam
1065 2757 1163 2799 unum
1178 2758 1327 2823 congres-

78 2861 151 2902 sum
185 2836 400 2923 requisiverit,
430 2836 497 2901 bec
518 2849 626 2902 nostre
647 2836 755 2902 csutio
776 2836 810 2901 in
834 2836 992 2914 omnibus,
1015 2834 1167 2922 quamdiu
1191 2834 1242 2900 hic
1270 2837 1327 2900 du·

79 2938 200 3003 raverit
233 2949 400 3014 tractatus,
433 2936 569 3003 eandem
602 2937 668 3001 vim
702 2936 873 3003 obtinebit.
917 2937 954 3001 ln
987 2936 1081 3001 cuius
1103 2937 1151 3001 rei
1172 2938 1325 3022 mojorem

78 3038 177 3104 fidem
211 3037 301 3103 hisce
327 3036 369 3124 [oz
393 3037 502 3124 hasce]
524 3058 637 3102 munus
660 3059 737 3103 mere
758 3036 993 3123 subscriptione
1016 3059 1053 3102 se
1075 3037 1178 3124 sigilli
1200 3037 1325 3124 adposi-

79 3140 169 3205 tione
192 3139 389 3203 roborandas
411 3138 502 3203 duxi.
546 3138 677 3202 Datum.

165 3294 257 3358 Kopis
275 3294 336 3344 111.
355 3294 541 3344 Ststsrrklset
558 3294 566 3343 i
585 3293 768 3356 Kdnlgsbarg,
787 3293 877 3357 Ostpr.
896 3292 955 3343 sol.
974 3297 1023 3343 823
1034 3308 1057 3342 s.

78 3735 150 3793 les.
195 3734 268 3791 'rm
288 3734 515 3791 wencesleus
536 3732 776 3801 turonum,

587 3834 711 3904 narret
732 3833 790 3890 vid
810 3833 992 3890 Pelkeneu
1012 3832 1047 3889 d.
1069 3835 1105 3891 11
1128 3833 1208 3891 Okt.
1231 3835 1324 3891 luae.

159 4049 251 4113 Begar
267 4051 332 4111 nytt
349 4047 489 4111 leidebret
506 4048 542 4112 pa
559 4049 646 4112 grand
664 4049 694 4098 af
710 4047 910 4111 felaktlgheter
926 4049 937 4097 1
955 4047 1004 4097 det
1022 4049 1094 4098 forst
1112 4048 1256 4099 bokomne.
1333 4095 1336 4103 ,

441 4210 579 4276 Illustris
603 4211 739 4275 Domine
762 4209 970 4275 Cancellarie.

162 4346 322 4412 Exhibits
343 4346 493 4433 delegato
516 4367 587 4410 meo
607 4345 716 4410 cautio
732 4344 913 4410 securitatis
929 4356 1035 4409 restra
1050 4358 1098 4409 est
1112 4344 1323 4411 incorrectius

77 4450 200 4537 scripta
232 4447 304 4527 (ubi
335 4447 421 4512 enim
450 4447 547 4512 >circa
569 4469 695 4511 omnem
719 4445 853 4523 dolum»,
876 4445 972 4509 sicuti
995 4444 1169 4525 debuisset,
1191 4446 1323 4512 invenio

77 4552 231 4635 scriptam
255 4549 355 4612 »cirea
375 4570 442 4612 rem
465 4547 619 4625 dubiem»,
642 4559 679 4610 ut
701 4546 763 4610 alia
785 4547 932 4630 taceam),
955 4568 1052 4632 quarn
1069 4561 1106 4612 ut
1123 4570 1141 4611 a
1156 4570 1206 4612 me
1221 4547 1323 4635 recipi

77 4649 235 4736 potuerit.
280 4648 405 4713 Idcirco
426 4670 500 4711 oum
523 4668 630 4710 meum
649 4669 714 4711 non
741 4647 784 4712 sit
809 4646 964 4734 scriptum
982 4661 1125 4712 vestrum
1141 4648 1321 4721 obliterare,
