3264 5354
1241 434 1282 497 23

86 596 224 683 publicis,
259 598 313 663 vel
346 621 390 662 ex
422 598 527 663 relatu
560 598 683 663 domini
715 597 875 665 iohannis
903 598 1013 677 Salvii,
1042 599 1205 664 secretarii
1230 599 1322 686 regii.

26 760 27 767 ,
87 697 173 762 Nolui
194 711 308 763 entem
331 699 544 776 committere,
568 699 648 786 quin
671 712 704 764 te
725 698 787 765 hac
808 699 977 764 occasione
1000 699 1181 776 salutarem,
1202 700 1322 785 ipsum-

85 823 136 885 que
160 799 333 864 dominum
362 799 576 864 secretarium
600 799 660 864 tibi
682 800 983 877 recommendarem,
1006 812 1044 864 ut
1065 799 1092 863 si
1114 823 1248 886 quares
1270 800 1321 877 sit,

85 920 143 985 qaae
169 898 200 962 S.
230 900 270 963 R.
296 900 408 964 Mztem
431 899 596 965 dominum
619 923 728 965 meum
750 899 899 988 attingat,
923 912 980 965 aut
1002 900 1080 988 quid
1103 900 1230 967 eveniat
1252 901 1322 990 dig-

87 1022 151 1062 num
181 1000 375 1086 cognitione
408 1012 515 1065 nostra
548 1024 584 1064 ao
616 1001 696 1066 utile
719 1001 813 1080 scitu,
835 1014 873 1064 ut
894 1001 928 1066 id
951 1000 1150 1066 confidenter
1172 1024 1246 1065 curn
1268 1002 1323 1066 do·

86 1100 161 1164 nino
181 1100 297 1165 Salvio
318 1101 546 1180 communices,
569 1114 762 1188 exspectans
785 1125 803 1165 a
826 1125 876 1168 me
897 1102 1032 1167 eandem
1051 1102 1321 1177 benevolentiam,

86 1224 146 1264 cunr
173 1224 207 1267 se
236 1202 398 1267 obtulerit
424 1202 561 1266 occasio.
607 1202 698 1267 Vale.
745 1201 911 1267 Dabantur
931 1202 965 1266 in
988 1201 1204 1267 Morienholm
1226 1202 1278 1267 dic
1302 1203 1322 1267 8

26 1356 27 1365 ,
87 1301 151 1366 Feb.
173 1305 275 1367 Anno
299 1304 393 1367 1625.

156 1458 358 1521 agennanurgs
384 1459 506 1522 koncept
527 1461 537 1507 l
555 1458 739 1517 lessrklvet,
765 1457 948 1522 pitecknsdt:
971 1459 1150 1519 »J.Witt10›,
1171 1459 1324 1510 slrrlivett

26 1514 27 1557 l
88 1555 175 1590 samma
193 1542 264 1593 bled
283 1557 342 1591 som
360 1542 493 1604 iolisnde.

90 1949 129 2002 lt.
165 1944 234 2003 *rm
257 1948 483 2017 christophor
504 1948 640 2016 hadvis
661 1948 808 2014 mohs,
830 1942 966 2004 horrid.

779 2047 988 2105 Harleholm
1010 2047 1044 2103 d.
1067 2050 1088 2103 8
1110 2047 1211 2104 Febr.
1232 2049 1322 2105 162⁶.

26 2284 27 2295 π
92 2247 182 2312 insist
198 2267 293 2313 titare
313 2264 386 2319 bren
408 2264 538 2313 haurlsar
556 2263 674 2313 rorando
692 2263 913 2313 underrtttclser
928 2262 991 2331 tran
1011 2261 1122 2326 Svsrtgs
1140 2262 1185 2312 till
1203 2264 1324 2321 Salvium

159 2348 243 2411 begar
264 2360 430 2409 noggranua
450 2346 653 2398 msddslsnden
670 2346 734 2397 aaa
752 2347 968 2397 Nedon-suisio
985 2348 1164 2405 kretsmotet;
1182 2346 1262 2410 rykte
1280 2362 1323 2397 om

159 2431 300 2494 bertigens
319 2432 350 2480 st
366 2431 529 2494 oldenburg
545 2429 614 2487 dori:
633 2430 774 2481 eventuell
792 2430 976 2482 aterksllelsc.

549 2560 759 2625 Nobilissime
783 2559 852 2624 Vir.

162 2677 287 2742 Literas
322 2675 378 2742 abs
410 2692 443 2742 te
476 2691 585 2742 ternas
616 2678 650 2742 in
684 2677 870 2742 universum
903 2677 1012 2763 accepi
1045 2700 1064 2741 a
1091 2691 1147 2741 tuo
1170 2678 1324 2755 discessu,

26 2854 27 2871 χ
94 2777 197 2861 priores
230 2778 325 2842 binas
359 2802 377 2843 e
410 2778 524 2855 Dania,
556 2779 747 2864 posteriores
773 2779 910 2843 Lubecae
937 2778 1082 2865 scriptas.
1132 2777 1237 2842 Gratae
1259 2776 1324 2841 illae

26 2918 27 2931 η
95 2877 208 2960 quidem
233 2880 389 2958 fuerunt;
412 2878 468 2943 sed
490 2902 531 2942 ne
555 2878 709 2943 diuturna
731 2879 915 2965 scriptionis
937 2878 1108 2944 intervalla
1126 2878 1325 2964 jucunditati

96 2976 199 3065 aliquid
231 2980 417 3057 detrahant,
451 2994 543 3044 tuum
577 2979 638 3044 erit
671 3003 849 3067 praecaverc
862 2981 899 3062 ¹).
951 2979 1024 3068 Ego
1049 2978 1089 3044 de
1111 2991 1196 3043 statu
1219 3001 1324 3043 rerum

26 3120 28 3143 r
96 3092 254 3144 ommamm
283 3104 372 3145 nunc
399 3080 483 3144 nihil
510 3080 657 3156 scribam,
680 3103 753 3145 cum
776 3079 809 3145 id
832 3080 988 3166 quicquid
1010 3081 1053 3145 sit
1075 3079 1191 3144 habeas
1214 3103 1256 3144 ex
1278 3103 1325 3144 re·

26 3246 27 3263 ,
97 3176 150 3242 latu
172 3181 296 3246 domini
320 3180 431 3258 Salvii,
455 3204 551 3267 quem
574 3181 642 3245 sine
665 3181 764 3246 dubio
786 3182 861 3246 istic
883 3182 1065 3247 convenies.
1104 3180 1177 3245 Hoc
1200 3194 1324 3245 tantum

26 3276 27 3279 ’
97 3291 122 3342 te
148 3281 218 3345 volo
251 3282 465 3357 admonitum,
500 3295 693 3347 convocatos
726 3304 795 3347 esse
823 3282 988 3369 Principes
1016 3280 1182 3346 Inferioris
1205 3280 1326 3346 Circuli

26 3436 27 3443 ,
98 3376 227 3447 Saronici
262 3406 320 3469 per
352 3383 464 3447 literas
497 3382 597 3471 Regis
627 3382 739 3447 Daniae
761 3382 820 3447 sub
844 3384 952 3470 specie
974 3396 1066 3448 arctae
1087 3381 1326 3447 coniunctionis

97 3478 225 3548 ineundae
252 3485 291 3548 ad
322 3484 536 3548 restituendas
563 3507 614 3548 res
637 3484 824 3549 Germaniae.
869 3484 984 3564 Quaeso
1007 3483 1049 3547 da
1071 3506 1200 3570 operam
1224 3496 1257 3548 et
1279 3483 1326 3546 in-

98 3580 249 3667 vigilant
271 3585 342 3648 sine
365 3606 454 3648 mora
475 3584 640 3672 intelligas
662 3596 758 3672 atque
781 3608 823 3648 ex
845 3585 923 3672 ipsis
941 3583 1159 3649 fundamentis
1181 3582 1325 3662 consilia,

99 3702 155 3764 quae
177 3683 243 3749 illic
268 3698 421 3773 aguntur,
444 3685 647 3773 rationesque
670 3708 791 3763 eorum,
820 3708 855 3749 ac
878 3686 935 3773 qui
956 3685 1021 3749 sint
1044 3684 1143 3749 animi
1165 3696 1270 3749 motus
1292 3684 1326 3749 in

100 3783 224 3865 quolibet
258 3786 407 3871 principe
446 3810 482 3850 ac
516 3785 658 3851 civitate.
715 3786 819 3851 Nemo
852 3786 919 3851 hare
952 3786 1067 3851 melius
1101 3799 1132 3850 te
1166 3785 1327 3873 expiscari

99 3896 195 3966 potest,
226 3885 316 3974 quod
350 3900 384 3950 et
417 3908 542 3951 morum
575 3887 751 3952 aulicorum
784 3886 827 3950 sis
855 3886 1080 3973 peritissimus,
1109 3900 1141 3951 et
1167 3887 1327 3973 plerisque

101 3983 261 4073 principum
295 3986 532 4074 civitatumque
566 3986 758 4051 consiliariis
791 3986 995 4052 familiariter
1021 4001 1127 4052 notus.
1175 3987 1244 4051 Nec
1267 3985 1326 4050 tibi

102 4104 180 4166 grave
211 4089 252 4152 sit
279 4088 378 4153 etism
406 4088 622 4152 minutissima
644 4099 765 4161 notare,
788 4112 863 4152 cum
885 4088 941 4152 illa
963 4110 1056 4151 suurn
1079 4086 1229 4151 usumin
1253 4108 1327 4150 cou-

103 4181 168 4248 siliis
188 4188 327 4272 publicis
349 4188 499 4254 habeant.

171 4286 301 4354 Interim
326 4289 464 4355 refertur
485 4288 539 4354 hic
564 4288 837 4377 Oldenburgicum
860 4289 1020 4355 Comitem
1042 4289 1245 4354 defunctum.
1289 4286 1326 4352 ld

104 4382 124 4444 ti
152 4408 262 4469 verum,
298 4403 354 4454 aut
380 4391 408 4455 si
434 4390 696 4456 commissorialis
722 4390 905 4477 negociatio
928 4389 1029 4455 dilata
1051 4390 1103 4467 sit,
1126 4390 1212 4454 noris
1236 4388 1267 4454 S.
1290 4389 1327 4454 B.

106 4503 282 4521 Q..—

26 4588 27 4627 j
173 4556 190 4617 ¹)
207 4562 324 4614 Brsfsen
343 4564 433 4613 flnnss
450 4566 462 4613 t
479 4563 662 4625 Rtksarktset,
682 4563 901 4614 Oxeastlernska
914 4562 1077 4627 samtingen,
1088 4564 1173 4626 jamta
1186 4562 1260 4623 flere,
1272 4576 1330 4612 som

26 4672 27 4675 =
106 4650 173 4700 syres
188 4645 318 4711 iordrojts
336 4647 374 4710 pt
393 4650 490 4710 vigea.
