3264 5354
1248 470 1285 533 61

89 636 133 700 rel
166 637 347 702 amicorum
376 636 616 702 calamitatibus
637 636 690 700 vel
712 637 778 701 suia
800 636 955 723 periculia
975 650 1084 702 rnotus
1107 658 1238 701 manum
1260 636 1331 700 vul·

90 737 149 801 ueri
176 737 377 817 admoveret,
404 761 440 802 ac
463 739 502 803 de
525 737 679 802 aiatendis
701 737 923 826 progressibus
945 738 1165 803 communium
1188 737 1330 802 bostium

89 838 254 923 mgitnret3
287 840 375 903 unde
396 861 461 902 non
484 839 625 925 exiguus
648 850 753 901 metue
775 838 874 902 etiarn
893 838 989 903 nobis
1010 840 1160 917 iniectus,
1183 861 1232 912 ne,
1256 861 1330 903 cum

90 938 271 1003 incendium
306 954 431 1004 ceteros
464 939 703 1025 absumpsisset,
734 938 864 1003 tandem
897 961 984 1003 crum
1019 939 1181 1004 'Balthici
1214 939 1329 1003 maria*

89 1040 239 1125 arriperet
265 1053 299 1104 et
326 1039 367 1103 ad
393 1062 453 1104 nos
473 1062 575 1127 usque
598 1052 751 1125 serperet.
794 1039 890 1124 Isque
913 1053 946 1104 et
968 1039 1143 1104 amicorum
1165 1040 1331 1104 commise-

90 1139 164 1204 ratio
187 1142 221 1204 in
245 1162 343 1205 cauae
364 1140 466 1218 fuere,
487 1155 526 1205 ut
548 1141 641 1205 *Rex
663 1141 785 1219 meus’,
807 1141 847 1204 dc
870 1140 1067 1227 reliquorum
1091 1141 1197 1205 enimc
1217 1141 1331 1227 deope-

91 1262 166 1319 rana,
193 1240 326 1327 adgredi
352 1263 458 1305 rerum
486 1241 705 1305 communium
732 1240 972 1307 restitutionem
996 1264 1032 1305 uc
1054 1243 1332 1306 conservationem

90 1340 145 1405 sibi
179 1344 393 1428 propcauerit.
449 1341 570 1429 Scopus
595 1342 634 1415 is,
660 1364 756 1429 quern
783 1355 821 1406 ιιι
844 1342 992 1406 omnibus
1015 1343 1118 1407 inesse
1141 1356 1276 1427 exoptas
1299 1355 1333 1406 et

92 1464 146 1528 ege
177 1455 300 1519 tecum,
334 1444 437 1531 'Regi
464 1443 555 1508 mec'
582 1442 677 1507 unice
704 1443 888 1529 propositus
910 1456 943 1507 ct
964 1443 1031 1507 suit
1051 1456 1086 1507 et
1106 1457 1165 1521 eat,
1188 1442 1332 1507 studium

92 1543 237 1607 nimirum
260 1566 345 1608 verae
366 1542 476 1630 gloriae
497 1558 531 1607 et
552 1566 640 1607 amor
662 1566 803 1630 curaque
824 1543 973 1632 erigendi
994 1544 1228 1630 rempublicam
1249 1565 1332 1630 pene

91 1644 271 1730 collapsam.
322 1649 432 1730 Atque
459 1645 585 1709 utiuun
612 1668 651 1709 eo
677 1644 875 1729 reliquorum
900 1645 1044 1709 omnium
1067 1644 1238 1709 tenderent
1259 1666 1333 1709 con·

92 1745 167 1822 silia,
191 1745 300 1809 forsan
323 1746 429 1809 minue
452 1744 677 1809 laboraremus.

171 1848 220 1910 At
251 1846 347 1911 rideo
380 1870 422 1911 ex
449 1846 552 1910 literis
574 1859 608 1909 et
629 1845 714 1909 notis
737 1845 962 1910 secretioribus
973 1848 1000 1930 ¹)
1022 1870 1144 1923 eorum,
1166 1868 1236 1932 quae
1257 1867 1332 1910 cum

94 1946 259 2033 'Principe
282 1946 445 2012 Aureicc'
468 1960 501 2011 et
525 1946 719 2011 'Ordinibus
742 1944 972 2012 Geucmlibur'
997 1961 1069 2011 actu
1085 1960 1171 2023 sunt,
1187 1947 1333 2011 turbutce

94 2059 123 2109 ct
153 2047 296 2134 'Regem
330 2048 479 2134 Angliae·
512 2061 546 2112 et
579 2046 757 2111 'Dominus
785 2047 922 2112 Ordines
945 2046 1137 2113 Generalea’
1160 2048 1333 2134 ipsumque

95 2148 293 2234 'Principem
327 2148 524 2214 Autricum*
560 2169 628 2212 esse
661 2170 744 2211 nove
777 2161 812 2212 et
839 2147 1001 2233 inoperata
1027 2148 1190 2213 oblatione
1214 2148 1333 2234 ⁴'Regis

96 2248 235 2328 Daniae';
271 2249 420 2336 ideoque,
457 2272 532 2314 cum
566 2263 715 2313 neutrum
750 2247 908 2312 offensum
942 2248 1054 2325 velint,
1085 2270 1187 2312 novas
1219 2262 1333 2334 putare

94 2350 243 2414 ineundna
276 2350 417 2414 rationes
451 2372 520 2415 esse
554 2363 588 2414 et
619 2348 844 2414 confirmandoe
875 2349 961 2413 inter
986 2371 1044 2413 nce
1067 2349 1216 2413 amicitie
1237 2364 1333 2436 atquc

94 2449 292 2515 confidentia>
325 2464 444 2514 mutue
470 2464 505 2514 et
530 2449 737 2515 restituendae
763 2451 811 2514 rei
832 2449 1022 2515 communia.
1068 2450 1134 2514 Haa
1156 2462 1265 2514 cutem
1287 2449 1333 2514 vi·

95 2551 158 2614 deri
193 2551 340 2616 omnium
376 2550 663 2629 commodissimus,
700 2564 739 2615 ut
774 2551 912 2638 quiaque
946 2551 1091 2638 ’Regum
1125 2550 1266 2615 Sueciae'
1301 2564 1334 2615 et

96 2651 242 2716 'Dauiae'
266 2674 361 2715 auum
383 2651 501 2717 habeut
522 2651 702 2717 exercitum
722 2652 790 2716 20ss
802 2649 937 2737 [00000]
952 2652 1099 2737 peditum
1113 2664 1148 2715 et
1162 2653 1208 2715 tu
1221 2650 1334 2738 [5000]

96 2754 246 2838 equitum,
281 2753 335 2816 cui
368 2752 484 2818 alendo
517 2751 733 2817 Ooufaederati
767 2774 809 2817 ex
842 2774 933 2837 oequc
967 2751 1184 2830 contribuant,
1211 2776 1333 2839 auoque

96 2853 224 2938 quiaque
258 2853 376 2918 itinere
409 2852 635 2941 progrediatur
656 2889 697 2901 -
719 2874 779 2916 nec
807 2866 843 2916 tu
870 2852 1063 2929 dissimulas,
1090 2853 1221 2919 modum
1241 2854 1334 2918 resti·

15 2988 16 2991 ¹
95 2953 214 3018 tuende
236 2955 285 3019 rei
308 2976 367 3041 per
389 2954 608 3029 ’Poloniarn',
630 2976 650 3017 u
671 2952 702 3017 S.
725 2954 763 3018 R.
784 2953 865 3017 M:te
879 2953 975 3017 initio
990 2953 1200 3039 propositum,
1218 2954 1250 3018 S.
1263 2954 1333 3018 Mzti

98 3055 341 3136 permittendum
364 3077 434 3119 ease
455 3091 498 3103 -·
519 3069 620 3140 utque
644 3054 683 3118 ud
706 3054 793 3119 diem
816 3056 858 3119 20
879 3053 1005 3140 Aprilis
1028 3055 1209 3140 principum
1233 3053 1333 3142 legati

99 3154 184 3238 plene
206 3157 273 3220 sint
293 3155 461 3220 informati
483 3154 522 3219 de
545 3176 675 3219 cuorum
697 3155 902 3219 dominorum
925 3155 1092 3218 voluntate
1113 3178 1149 3219 ac
1165 3156 1334 3233 sententia,

96 3257 361 3340 quemadmodum
387 3255 499 3321 iathaec
525 3255 628 3320 literis
650 3257 716 3319 tuie
739 3279 775 3320 uc
797 3255 883 3320 notin
906 3255 1130 3319 secretioribus
1152 3256 1258 3320 fusius
1280 3279 1334 3322 ex·

15 3360 16 3375 ¹
100 3355 284 3440 primuntur.

175 3457 286 3546 Magni
320 3456 431 3522 iathoec
464 3458 620 3523 momenti
647 3471 723 3521 sunt
748 3470 782 3521 et
806 3456 956 3542 indigent
978 3456 1074 3521 ubere
1097 3458 1334 3522 informatione.

100 3554 232 3623 Scribam
261 3572 382 3630 tamen,
409 3580 481 3621 cum
508 3557 598 3644 loqui
622 3580 686 3622 non
709 3558 815 3635 liceat,
838 3557 917 3643 quid
939 3557 1000 3621 hoc
1022 3571 1113 3621 tanto
1135 3557 1175 3622 de
1198 3558 1335 3644 negocio

15 3684 17 3699 ι
99 3657 208 3722 sentiat
242 3659 337 3723 *Rex
368 3660 489 3723 mcus*‚
544 3658 682 3741 Mutatio
715 3658 827 3723 isthuc
855 3658 1036 3722 animorum
1064 3658 1336 3745 consiliorumque

15 4708 17 4763 l

101 3778 159 3820 nou
177 3759 351 3823 admodum
374 3760 489 3846 placet.
533 3759 617 3838 Quid
641 3761 726 3824 enim
750 3773 819 3823 erut
837 3757 967 3823 facilius
982 3758 1107 3823 homini
1121 3760 1155 3823 iu
1170 3759 1338 3844 republica

100 3872 226 3938 versato,
259 3882 356 3946 quam
389 3859 574 3947 previdere,
608 3860 719 3924 isthec
745 3860 978 3946 impedimenta
1000 3860 1161 3924 obiectum
1184 3860 1240 3938 iri;
1267 3859 1336 3947 qui·

103 3955 155 4021 bus
174 3962 317 4046 praerieis
338 3960 422 4025 nihil
443 3983 502 4025 noa
525 3962 631 4025 minue
652 3985 671 4023 a
690 3963 859 4048 proposito
873 3961 1039 4025 dimovere
1056 3961 1230 4025 debuiaeet.
1264 3961 1336 4045 Ego

100 4059 222 4142 quidem
254 4062 427 4126 vaticinari
458 4061 544 4138 nolo,
578 4084 652 4125 cum
686 4084 745 4125 nec
778 4076 869 4127 vetes
899 4061 960 4125 sirn
982 4084 1043 4125 nec
1066 4062 1257 4146 astrologus,
1279 4061 1336 4125 sed

103 4158 159 4223 uisi
187 4184 243 4226 voa
273 4163 446 4249 aliquunde
473 4161 749 4248 deprehenderitis
775 4163 866 4226 nullo
888 4161 956 4227 haec
979 4161 1042 4225 olio
1064 4161 1127 4226 fine
1150 4162 1337 4248 excogitata

101 4280 174 4337 erse,
201 4285 295 4348 quam
320 4277 358 4327 ut
380 4263 471 4327 'Rex
492 4262 687 4327 Britanni&
716 4278 812 4349 atque
835 4263 899 4340 alii,
923 4285 1008 4326 nova
1030 4262 1089 4327 hac
1113 4284 1170 4341 spe
1193 4261 1336 4348 pellecti,

181 4433 199 4494 ¹)
224 4435 345 4486 Htrmed
372 4435 444 4484 alsea
468 4435 622 4498 etkerligeu
647 4437 680 4486 de
702 4436 884 4486 >Ouvcrturea
903 4440 1049 4495 aceretem,
1067 4449 1124 4484 scm
1143 4435 1232 4484 finnus
1251 4435 1336 4485 bland

104 4514 244 4569 Camerarll
260 4521 324 4570 uret
340 4518 386 4568 till
403 4519 534 4569 banalem
553 4519 782 4578 (Oxenaticrneku
800 4520 887 4579 sami,
907 4518 1102 4579 Riksarklvet),
1121 4518 1170 4570 ccb
1185 4534 1240 4568 scm
1255 4533 1337 4582 aynae

105 4598 138 4647 ba
154 4600 243 4665 tuuis
259 4605 303 4653 Οτι
320 4604 385 4654 brel
401 4605 432 4653 al
449 4604 502 4653 deu
521 4601 552 4668 ll
573 4604 653 4653 Mers.
683 4604 727 4653 Jlr
745 4604 989 4666 Schybergacn‚
1008 4600 1131 4666 διετίθει
1143 4602 1189 4652 ccl
1204 4602 1338 4653 Hcllcudr

105 4682 167 4748 dipl.
180 4686 305 4749 ffirbiud.,
324 4688 375 4738 sid.
396 4692 444 4738 166
462 4687 513 4738 och
534 4692 588 4737 170.
