3290 5360
360 442 421 504 722

401 611 491 675 Kopia
517 612 525 661 i
549 611 625 663 sacal
647 613 818 665 Bollandsks
839 615 1010 678 Lsgstsruas
1032 616 1150 678 jourusl,
1172 618 1219 668 tol.
1241 622 1296 677 170,
1315 634 1370 669 scm
1390 620 1558 670 rcnskrlltsn

316 695 361 744 tlll
379 695 445 746 axel
466 696 665 751 oxensusmss
684 698 822 748 Protokoll
841 699 887 749 ald
906 700 1169 764 andethandllugen
1189 705 1364 763 1627-1628,
1377 703 1476 753 baasi
1489 705 1559 755 Polo·

317 781 388 839 alca,
408 778 591 831 lesarklvet.

838 901 1039 911 ——-—.

315 1118 391 1173 495.
436 1118 506 1174 'l'ill
528 1119 646 1176 simon
668 1133 734 1176 van
755 1120 934 1178 Bearnont.
1033 1122 1160 1192 albing
1181 1124 1214 1181 d.
1235 1123 1306 1195 w)
1327 1125 1410 1182 Deo.
1435 1121 1558 1202 low)

399 1210 548 1276 Exorata.

315 1400 370 1450 Det·
391 1415 487 1464 genem
511 1402 539 1450 B.
558 1402 621 1451 tran
639 1402 719 1465 polsk
738 1403 799 1453 alda
816 1404 983 1453 lramstalda
998 1404 1133 1467 sbrslagst
1151 1420 1195 1455 om
1213 1406 1381 1470 rapenhrtla
1399 1408 1489 1458 under
1506 1409 1556 1458 ibt·

399 1484 603 1547 haudlingarna
630 1500 694 1535 vore
721 1486 879 1547 tankvardt,
904 1492 972 1537 enar
990 1489 1071 1537 classa
1088 1488 1125 1537 da
1142 1490 1234 1539 kunde
1252 1490 1329 1540 lorea
1348 1493 1357 1540 l
1375 1494 1467 1542 storrs
1484 1493 1554 1555 lugu,

399 1584 461 1619 men
480 1569 657 1633 svarlghsten
676 1574 718 1619 att
736 1585 771 1618 un
789 1570 864 1619 halla
881 1576 1041 1635 truppermu
1054 1573 1187 1624 sdrsklldt
1199 1577 1337 1638 rytterist,
1350 1576 1424 1625 luom
1438 1580 1555 1639 grinmr,

398 1653 494 1703 talsde
516 1654 649 1704 daremot.
689 1654 799 1717 brugun
821 1655 913 1705 kunde
933 1661 1067 1719 apptagas
1085 1657 1158 1707 atter
1175 1659 1209 1706 ds
1228 1658 1324 1721 polske
1342 1658 1555 1710 kommtssarier·

398 1751 447 1787 nas
466 1738 602 1788 ankomst.

397 2051 547 2139 Denique
581 2051 694 2117 scribit
720 2050 935 2140 D[ominati]o
962 2054 1064 2137 lua2),
1092 2069 1298 2120 monstratam
1321 2056 1415 2120 vobis
1437 2057 1553 2143 episto

311 2152 373 2216 lam
404 2154 498 2218 unius
526 2153 816 2218 commissariorum
840 2177 858 2217 a
879 2153 964 2219 bono
987 2140 1125 2241 quadani
1148 2156 1228 2234 viro,
1251 2180 1314 2242 qua
1335 2157 1460 2222 indicat
1480 2181 1553 2222 con·

312 2253 432 2317 sultam
455 2254 516 2317 sibi
539 2268 572 2318 et
593 2254 675 2319 utile
698 2254 811 2332 videri,
834 2253 861 2318 si
883 2254 944 2318 hoc
964 2267 1118 2342 tempore,
1139 2256 1215 2320 dum
1233 2268 1388 2321 tractatus
1404 2257 1553 2324 imminet

310 2367 344 2418 et
365 2354 536 2419 habebitur
557 2355 597 2419 dc
619 2354 769 2433 induciis,
792 2369 825 2420 et
844 2378 1002 2420 armorum
1020 2356 1230 2443 suspensione
1245 2357 1419 2422 convenire
1435 2360 1552 2445 possit;

310 2457 508 2522 mentionem
530 2479 607 2521 vero
630 2456 699 2519 eius
722 2456 767 2520 rei
791 2479 809 2520 a
831 2455 921 2520 vobis
944 2457 983 2521 ad
1006 2480 1057 2521 me
1080 2457 1240 2544 proficisci
1263 2471 1296 2522 et
1314 2460 1550 2545 quamprimum
1618 2520 1619 2535 ς

309 2558 417 2643 urgeri
441 2557 567 2633 debere,
588 2556 688 2643 idque
710 2556 816 2620 visum
839 2556 921 2621 dmis
945 2557 1078 2646 collegis
1101 2559 1176 2637 tuis,
1199 2573 1236 2623 ut
1257 2558 1331 2623 D:io
1352 2570 1409 2623 tua
1423 2560 1456 2625 id
1473 2561 1551 2625 mihi

309 2657 515 2745 significaret.

394 2758 468 2822 Non
501 2758 597 2822 facile
629 2757 770 2833 invenio,
804 2758 881 2845 quid
914 2759 994 2823 mihi
1028 2759 1088 2823 hoc
1117 2758 1150 2822 in
1173 2760 1306 2845 negotio
1328 2762 1550 2841 statuendum;

308 2860 428 2924 etenim
453 2882 516 2922 non
540 2857 669 2922 videtur
691 2859 745 2923 abs
766 2882 799 2923 re
822 2859 918 2923 armis
942 2860 1100 2925 abstinere
1123 2872 1156 2923 ct
1179 2859 1352 2945 quiescere,
1375 2862 1454 2925 dam
1478 2885 1549 2926 con·

307 2960 491 3047 gradiamur
516 2959 555 3023 dc
577 2958 814 3045 tranquillitate
837 2973 870 3024 et
891 2982 970 3045 pace
993 2959 1104 3035 acturi,
1128 2981 1194 3046 quo
1217 2974 1250 3024 ct
1273 2960 1395 3023 animus
1419 2960 1550 3027 liberior

306 3061 348 3125 sit
371 3073 404 3124 et
426 3058 528 3147 magis
551 3058 607 3123 uni
631 3058 784 3123 tractatui
806 3058 962 3137 intentus,
986 3060 1062 3123 adeo
1085 3059 1227 3145 quidem,
1250 3075 1288 3124 ut
1309 3061 1413 3126 fatear
1435 3084 1488 3126 mc
1512 3062 1548 3127 ab

306 3161 367 3226 boc
394 3161 540 3239 consilio,
568 3160 661 3225 cuius
684 3159 834 3224 authores
857 3159 1099 3224 Commissarios
1123 3160 1295 3226 Polouicos
1317 3162 1545 3240 animadverto,

305 3286 370 3326 non
402 3261 579 3327 abhorrere.
634 3264 681 3325 At
714 3261 876 3326 continere
910 3260 1047 3326 militem
1081 3280 1237 3339 nostrum,
1271 3276 1367 3350 atque
1400 3263 1547 3350 inprimis

302 3363 494 3450 equitatum,
521 3363 685 3446 majorem,
713 3386 809 3448 quam
832 3361 999 3426 commode
1022 3386 1135 3449 capere
1158 3377 1398 3448 sustentareque
1422 3366 1544 3449 possint

304 3464 370 3529 lraee
397 3464 516 3550 exigua
539 3463 708 3540 territoria,
730 3464 764 3526 in
787 3462 893 3527 officio
918 3478 1015 3550 atque
1037 3462 1122 3527 intra
1143 3462 1262 3527 limites
1285 3462 1365 3526 mibi
1387 3486 1543 3551 pergrave

214 3610 219 3621 1
303 3578 360 3639 est,
385 3587 421 3628 ac
443 3563 562 3638 nasein,
586 3587 668 3627 anne
691 3564 801 3627 datum
824 3563 875 3627 illi
898 3563 1020 3628 otiandi
1043 3564 1181 3651 spatium
1205 3563 1340 3626 noxium
1363 3563 1415 3637 sit,
1440 3578 1489 3641 ut,
1512 3578 1544 3629 ut

301 3665 353 3742 sit,
385 3686 489 3750 neque
521 3665 700 3750 improbare
734 3665 906 3729 consilium
940 3665 1070 3729 omniuo
1103 3687 1243 3750 possum,
1277 3685 1335 3727 nec
1363 3664 1542 3730 admittere.

301 3764 362 3830 Sed
386 3788 458 3829 cum
481 3764 700 3829 Commissarii
722 3765 868 3828 polonici
889 3766 1090 3842 accesserint,
1107 3764 1222 3853 agique
1238 3764 1394 3828 internos
1411 3780 1541 3851 captum

300 3866 401 3931 fucrit
427 3866 466 3930 de
490 3864 723 3951 praeparatoriis
746 3877 912 3943 tractatus,
936 3866 1057 3953 poterit
1079 3865 1176 3930 etiam
1199 3865 1420 3950 suspensionis
1444 3888 1540 3929 armo·

298 3990 369 4031 rum
403 3968 526 4031 mentio
559 3990 578 4030 a
604 3967 706 4030 Dzone
733 3981 788 4030 tua
814 3979 910 4052 atque
933 3967 1002 4030 eius
1025 3966 1107 4031 d:nis
1130 3964 1265 4051 collegis
1287 3966 1388 4039 iniici,
1412 3966 1471 4030 ubi
1493 3989 1541 4030 me

299 4068 430 4154 cognita
463 4067 629 4130 voluntate
660 4066 853 4131 Polonorum
879 4067 926 4130 ita
948 4090 1017 4131 sum
1041 4067 1270 4145 declaraturus,
1295 4084 1392 4151 prout
1414 4090 1540 4154 compe·

296 4191 367 4233 rero
390 4191 459 4231 essc
482 4192 579 4233 exre
603 4182 636 4233 et
659 4192 717 4232 usu
741 4182 849 4232 nostro
872 4181 905 4232 et
928 4180 1121 4233 tractatuum
1146 4180 1327 4232 nostrorum
1350 4181 1412 4232 etc.
1437 4182 1498 4233 etc.

382 4320 400 4381 ¹)
428 4323 476 4373 Om
503 4325 613 4373 brelvet
641 4324 692 4372 bor
718 4324 830 4373 daterss
857 4323 882 4371 d.
907 4326 921 4371 2
945 4324 1015 4374 aller
1037 4328 1052 4372 t
1076 4324 1149 4384 Dec,
1167 4337 1248 4387 synes
1267 4322 1390 4375 osakert:
1412 4323 1451 4385 jtr
1469 4321 1539 4371 Arsi

297 4407 491 4456 Ononrticracs
509 4407 638 4470 Shsastsr,
657 4408 678 4467 I,
699 4412 721 4468 1,
740 4408 790 4456 sld.
811 4409 857 4455 122
876 4407 904 4455 ff.

378 4486 399 4548 l)
426 4490 590 4540 Beaumonts
614 4491 685 4549 bref,
709 4492 765 4539 dat.
785 4491 888 4554 Danalg
906 4491 931 4539 d,
951 4495 981 4540 10
1001 4491 1064 4540 Dec.
1082 4490 1117 4549 (a.
1137 4489 1190 4551 aa),
1207 4491 1238 4539 br
1256 4492 1264 4539 l
1284 4491 1386 4553 utdrag
1404 4490 1536 4540 lniordti

294 4576 363 4623 Axel
382 4573 578 4623 Oxenstlcrnss
597 4575 738 4624 Protokoll
758 4574 803 4622 vid
823 4575 1077 4638 underhandltngsn
1099 4577 1265 4624 mat-162⁸
1281 4580 1352 4624 ssmt
1364 4577 1375 4625 l
1388 4575 1536 4624 utskriltan

294 4658 381 4707 daras.
