3298 5346
1276 390 1338 455 503

123 583 228 647 quam
262 559 465 648 suggestioni
498 582 576 623 meu
608 558 789 635 deberetur,
830 573 900 624 tum
923 581 964 624 ne
987 581 1082 644 quam
1107 582 1236 623 causam
1258 558 1380 622 calum·

126 660 247 725 niandi
269 659 359 747 pacis
381 660 526 724 osoribus
549 660 666 724 darem.

218 762 314 826 Nune
346 773 475 847 tempus
504 760 645 824 maxima
665 760 715 824 sui
738 773 828 846 parte
852 761 995 846 elapsum
1018 772 1082 839 est3
1104 773 1258 845 praterea
1278 758 1383 824 defer·

126 875 187 927 tur
220 863 261 926 ad
294 884 356 937 me,
389 861 515 948 legatos
547 861 718 925 Polonicos
741 873 775 925 et
796 860 876 924 alios
898 861 986 946 pacis
1008 859 1135 924 invidos
1158 862 1262 947 magis
1284 881 1379 945 quam

124 974 209 1027 ante
243 976 277 1027 et
310 962 535 1027 vehementius
567 961 728 1037 insistere,
762 961 973 1047 nescioquas
995 960 1099 1024 minas
1120 960 1380 1041 intermiscendo,

129 1076 170 1126 ut
188 1064 282 1148 jussu
306 1075 340 1127 et
361 1063 496 1149 imperio
518 1062 617 1149 Regis
641 1061 781 1126 Poloniae
804 1075 898 1148 pacta
921 1062 1135 1127 neutralitatis
1150 1061 1278 1126 sublata
1292 1061 1381 1125 anni·

129 1163 286 1243 hilentur‚
325 1165 428 1228 omnis
450 1164 613 1227 internos
636 1163 780 1228 amicitia
806 1161 938 1249 eiusque
962 1185 1038 1227 usus
1061 1175 1095 1227 et
1116 1162 1379 1227 commerciorum

130 1264 282 1344 tollatur3
316 1278 385 1329 tum
418 1286 459 1328 ne
494 1264 565 1350 quis
591 1264 724 1341 feratur,
747 1264 804 1350 qui
826 1264 932 1328 verbis
953 1264 1088 1327 saetisve
1109 1263 1272 1327 communi
1295 1275 1380 1326 tran-

122 1365 288 1450 quillitati
321 1364 515 1451 patrocinari
547 1365 671 1441 audeat,
704 1378 806 1451 utque
839 1376 996 1428 nostrates
1029 1365 1099 1429 sine
1132 1364 1201 1427 ullo
1229 1379 1377 1450 respectu

123 1465 350 1552 captiventur,
373 1479 407 1530 et
429 1489 500 1552 quae
522 1466 592 1530 eius
615 1465 741 1552 genem's
764 1472 841 1529 sunt
863 1464 935 1528 alia.

215 1566 291 1630 Non
324 1579 373 1632 est
405 1589 510 1652 operae
545 1567 684 1653 pretium
718 1566 867 1641 scribere,
901 1587 996 1651 quam
1030 1563 1096 1629 haee
1130 1565 1222 1630 nobis
1244 1565 1379 1652 indigna

122 1679 217 1744 sunt,
251 1689 325 1731 cum
348 1667 414 1744 illa,
438 1667 465 1731 si
487 1666 630 1732 consiliis
653 1690 689 1731 ac
711 1666 891 1731 hortatibus
914 1665 1021 1729 minus
1043 1665 1259 1752 proficiamus,
1283 1664 1378 1730 armis

126 1768 232 1831 simus
255 1767 451 1847 submoturi;
474 1768 565 1831 vobis
587 1780 673 1831 certe
697 1788 734 1830 ao
746 1766 902 1844 Borussis,
918 1767 1009 1853 genti
1025 1766 1181 1831 hactenus
1195 1766 1378 1841 liberrimae,

126 1868 358 1955 indignissima
389 1868 447 1932 illa
479 1880 563 1945 sunt,
597 1867 632 1931 in
654 1891 724 1932 eam
752 1868 942 1932 servitutem
965 1890 983 1932 e
1005 1867 1153 1932 libertato
1176 1866 1377 1954 praecipitari,

124 1982 166 2032 ut
188 1991 248 2033 nec
271 1969 399 2046 sentire,
423 1967 500 2055 quid
523 1968 613 2046 velis,
636 1991 696 2033 neo
718 1968 804 2055 quod
826 1969 956 2044 sentias,
978 1968 1085 2032 dicere
1108 1967 1214 2032 liceat.
1258 1968 1377 2032 Haecne

126 2069 188 2133 illa
210 2069 364 2134 Polonica
386 2083 436 2133 est
456 2068 588 2135 libertas
604 2092 708 2145 aurea,
726 2092 821 2156 quam
837 2081 1005 2153 tantopere
1021 2068 1116 2133 multi
1127 2070 1263 2153 jactant,
1279 2091 1375 2155 quam

125 2171 261 2257 plurimi
297 2172 337 2236 ad
369 2170 579 2235 mutationem
603 2193 705 2256 usque
727 2184 830 2235 status
853 2169 1019 2256 presentis
1043 2169 1212 2235 affectant?
1238 2168 1375 2233 Nullum

124 2283 208 2357 puto
239 2271 419 2359 graviorem
453 2271 642 2335 servitutem
675 2271 827 2358 ingenuis
859 2269 1045 2335 bominibus
1080 2271 1235 2335 intentari
1272 2292 1373 2357 posse,

123 2394 224 2458 quam
258 2372 286 2435 si
308 2373 347 2436 ad
370 2384 483 2435 nutum
506 2385 540 2436 et
561 2371 727 2436 arbitrium
751 2371 884 2436 alterius
906 2371 1033 2435 sublato
1055 2371 1281 2458 suffragiorum
1300 2372 1374 2455 jure

122 2495 194 2537 non
217 2495 311 2560 agere
334 2471 439 2551 modo,
463 2474 518 2537 sed
542 2484 576 2536 et
598 2473 746 2559 spiritum
768 2473 885 2538 ducere
908 2484 1064 2558 oporteat.

212 2574 295 2637 Cum
328 2573 430 2661 igitur
461 2573 677 2659 tranquillitas
711 2574 890 2637 communis
912 2572 1001 2637 hisce
1024 2596 1080 2637 seu
1099 2573 1198 2658 jussis
1220 2596 1277 2637 seu
1299 2595 1373 2637 eon·

119 2672 208 2738 siliis
230 2673 363 2761 abrepta
385 2688 418 2738 et
440 2697 551 2739 eversu
573 2696 630 2738 nos
653 2698 780 2761 quoque
803 2674 960 2761 paulatim
981 2674 1097 2752 trahat,
1113 2674 1188 2738 etsi
1205 2673 1374 2737 adsensum

124 2775 258 2839 Borussi
286 2774 394 2861 pravis
420 2774 509 2839 hisce
532 2775 794 2862 suggestionibus
816 2774 1021 2861 praebuerint,
1044 2774 1141 2838 etiam
1164 2773 1372 2838 consiliorum

121 2876 337 2940 mutationem
372 2877 458 2961 apud
492 2897 551 2939 nos
572 2876 641 2939 sore
664 2898 793 2941 necesse
816 2877 867 2941 sit.
913 2876 989 2940 ldeo
1012 2875 1267 2961 abrumpendum
1291 2873 1371 2939 mihi

121 2999 235 3040 meum
269 2976 334 3040 fuit
360 2976 535 3053 silentium,
559 2991 592 3041 et
615 2977 701 3063 quod
725 3000 743 3040 a
765 2976 795 3042 S.
819 2978 857 3041 R.
882 2976 958 3040 Mzte
981 2977 1112 3040 domino
1134 2999 1206 3040 meo
1228 2975 1262 3038 iu
1285 2997 1371 3039 man·

120 3077 209 3141 datis
231 3076 344 3154 habeo,
368 3089 442 3141 ante
463 3077 588 3142 exitum
605 3093 783 3142 conventus
802 3077 1050 3163 Regiomontani
1064 3077 1208 3162 urgenda
1223 3075 1370 3140 extensio

115 3178 206 3263 juris
239 3178 456 3242 neutralitatis
485 3179 524 3242 ad
546 3179 689 3265 reliquos
712 3177 849 3242 Ordines
872 3190 904 3242 et
926 3177 1127 3241 confirmatio
1150 3177 1256 3241 serzmi
1279 3176 1371 3241 Elec·

123 3280 204 3342 toris
237 3278 360 3342 domini
392 3280 452 3342 tui.
499 3279 594 3343 Mitto
627 3279 729 3365 igitur
749 3279 953 3342 secretarium
977 3277 1008 3341 S.
1030 3279 1067 3342 R.
1092 3278 1180 3342 Mais
1202 3277 1369 3342 dominum

123 3379 294 3444 Sadlerum
328 3379 389 3443 tibi
422 3402 487 3443 non
519 3379 684 3465 ignotum
707 3393 803 3465 atque
825 3378 972 3465 inprimis
994 3402 1083 3465 rogo,
1107 3392 1144 3443 ut
1167 3401 1223 3465 pro
1245 3400 1370 3442 summo

119 3480 232 3544 studio
265 3494 323 3544 tuo
355 3480 536 3544 eommunis
558 3482 605 3545 rei
628 3494 661 3545 et
683 3479 796 3544 salutis
819 3479 980 3566 Principis
1002 3480 1061 3558 tui,
1083 3492 1154 3543 tum
1177 3502 1235 3566 pro
1257 3478 1368 3543 buma·=

121 3580 226 3644 nitate
259 3593 316 3644 tua
348 3594 503 3645 consueta
533 3581 628 3645 illum
659 3581 780 3657 foveas,
803 3594 837 3645 et
868 3603 997 3646 eausam
1030 3581 1113 3645 hano
1139 3581 1282 3645 consiliis
1304 3581 1368 3644 tuis

114 3682 226 3766 juves,
260 3704 325 3767 quo
358 3693 450 3769 grato
483 3705 557 3746 cum
579 3704 733 3768 responso
760 3682 930 3768 expeditus
953 3681 1093 3768 praebcat
1115 3683 1215 3758 brevi,
1238 3681 1367 3744 volente

120 3781 202 3859 Deo,
226 3781 414 3847 adventanti
437 3782 468 3847 S.
491 3784 528 3847 R.
552 3783 625 3847 Mtti
647 3804 774 3846 causam
797 3783 920 3868 optime
943 3796 977 3847 et
1000 3783 1191 3847 amicissime
1214 3782 1254 3845 de
1277 3781 1367 3845 Prin·

117 3882 194 3968 cipe
217 3894 274 3946 tuo
298 3883 469 3960 sentiendi,
492 3882 649 3969 nobisque
671 3884 830 3959 omnibus,
853 3884 909 3970 qui
933 3883 964 3947 S.
987 3884 1024 3947 R.
1049 3883 1120 3946 Mzti
1141 3904 1253 3946 sumus
1269 3883 1366 3946 servi·

118 3982 176 4047 tiis
209 4006 246 4046 ac
279 3982 355 4062 fide,
389 3985 554 4048 communi
576 3998 685 4049 autem
706 4007 824 4048 caussae
847 3985 966 4048 affectu
990 3983 1120 4057 addicti,
1144 3983 1177 4046 in
1199 3984 1366 4069 proposito

117 4083 365 4169 tranquillitatis
387 4098 421 4149 et
444 4084 594 4149 amicitiae
616 4097 737 4149 mutuae
759 4085 984 4149 conservandae
1006 4084 1208 4170 persistendi.

204 4184 256 4248 Tu
289 4184 359 4271 ipse
392 4187 478 4250 nosti
501 4198 534 4250 et
555 4185 750 4270 dijudicabis
772 4186 840 4250 siue
863 4185 962 4251 dubio
985 4198 1140 4261 accurate,
1164 4208 1259 4271 quam
1281 4185 1365 4251 nihil

116 4307 206 4349 nunc
239 4286 283 4348 sit
316 4286 496 4362 salutarius,
530 4309 626 4372 quam
660 4286 757 4351 fidam
788 4286 974 4371 firmamque
997 4287 1116 4350 servari
1138 4285 1224 4351 inter
1244 4310 1364 4374 paucos

117 4385 335 4473 Evangelicos
369 4387 535 4474 Principes
569 4389 758 4474 superstites
792 4388 972 4452 animorum
999 4387 1364 4476 conjunctionemque

118 4486 228 4551 laxata
260 4487 415 4573 quicquid
450 4487 610 4574 reliquum
644 4502 701 4567 cst,
735 4489 824 4553 illico
856 4499 930 4552 ruet
962 4498 995 4553 et
1023 4486 1194 4554 dilabetur.
1239 4490 1363 4556 Eadem

117 4600 229 4654 autern
262 4587 397 4653 firmiter
432 4590 592 4670 adstricta,
626 4613 700 4676 spes
733 4603 782 4655 est
804 4611 1007 4654 communem
1031 4611 1186 4670 caussam,
1209 4590 1236 4654 si
1258 4592 1364 4659 minus
