3264 5354
346 471 483 534 10·

312 662 319 693 ,
372 672 375 677 ⁴

302 831 334 886 7.
378 826 445 888 Tul
466 830 572 891 Ludv.
595 830 824 899 Camerarius,
847 832 1105 890 Kar-Pralaiakt
1124 827 1198 890 aaa.

906 1016 912 1025 ·
1012 933 1553 1003 tnnknpingd.aaaan.1aa⁶.

304 1146 356 1196 Om
386 1146 481 1211 Spena'
500 1161 562 1196 rara
588 1147 639 1197 neh
658 1147 838 1209 mottagande
856 1147 865 1195 ἰ
884 1148 1018 1201 Helland:
1037 1148 1282 1211 nadrandigheten
1301 1149 1331 1197 af
1349 1150 1478 1198 Bremena
1497 1149 1554 1198 och

389 1230 518 1280 Wiamara
546 1231 701 1295 upplatena
727 1232 773 1280 ier
799 1230 944 1295 konnngen
972 1233 1025 1282 ouh
1052 1236 1167 1295 ntragar
1184 1237 1228 1281 att
1245 1232 1307 1282 trau
1326 1232 1448 1283 Helland
1467 1232 1496 1281 ai
1514 1231 1553 1280 da

390 1314 637 1379 Meeklenbnrgake
664 1315 824 1379 bertigarna
849 1330 946 1379 genum
973 1317 1168 1380 landtgrefven
1189 1317 1219 1366 at
1241 1315 1346 1367 Haeren
1365 1316 1483 1366 utrerka
1501 1316 1555 1366 det

390 1413 499 1455 aenum
518 1398 787 1464 koalltlonaplanena
804 1400 960 1464 iramjande
975 1400 984 1450 i
998 1400 1119 1450 Helland
1132 1401 1183 1450 och
1196 1401 1333 1463 England,
1346 1399 1554 1450 idrberadelaer

391 1484 399 1532 i
426 1482 545 1546 Sverige.
580 1482 631 1532 Om
657 1483 714 1534 Dea
741 1483 839 1547 Hayea⁸
858 1485 998 1543 ankomat3
1026 1483 1230 1534 miratankarna
1255 1483 1292 1547 pa
1318 1485 1409 1548 grand
1431 1484 1461 1533 ai
1482 1497 1554 1547 upp-

390 1568 524 1631 bringade
551 1568 614 1617 bret
639 1582 681 1617 om
709 1573 751 1618 ett
778 1568 994 1618 DanaktPnlakt
1015 1567 1148 1625 idrbnud;
1176 1567 1288 1618 Gabriel
1308 1567 1487 1618 Gnataiaaona
1504 1567 1554 1617 be·

390 1651 539 1714 aklckning
560 1651 605 1700 till
627 1651 767 1702 Danmark
786 1653 830 1701 fdr
848 1658 890 1703 att
907 1653 937 1702 ia
954 1651 1064 1702 klarhet
1082 1654 1092 1700 1
1110 1651 1208 1702 taken:
1236 1653 1290 1701 Dea
1309 1651 1409 1714 Hayea'
1428 1652 1555 1701 &terrm

389 1735 434 1784 nu
450 1735 500 1784 och
521 1735 590 1784 hana
607 1735 712 1798 idralag
730 1751 774 1784 om
792 1742 834 1785 ett
852 1739 926 1785 muta
945 1736 1046 1786 mellan
1064 1736 1252 1799 konuugarna
1277 1735 1381 1785 curaer
1398 1740 1555 1798 mottagna.

625 1913 796 2002 Magnifica
818 1930 914 2002 atque
938 1915 1149 2002 Ampliaairne
1174 1915 1243 1979 Vir.

391 2065 556 2131 Sollicitus
590 2066 764 2131 admodum
796 2066 846 2131 fui
879 2067 919 2131 de
953 2067 1088 2154 Spenaio
1114 2081 1233 2145 neutro,
1262 2090 1401 2153 eumque
1428 2079 1555 2152 tempe·

305 2180 426 2232 etatum
449 2166 652 2231 vehementia
674 2179 821 2253 ereptum
837 2190 911 2232 eum
927 2167 1119 2232 detrimento
1135 2191 1238 2232 cauere
1253 2166 1392 2255 publicae
1407 2166 1554 2231 verebar.

307 2268 404 2333 Nunc
436 2268 566 2332 tandem
601 2266 693 2332 illum
727 2267 920 2332 incolumem
954 2291 1012 2355 per
1046 2268 1106 2332 Dei
1133 2268 1267 2356 gratiam
1295 2267 1434 2333 evaaiaae
1458 2267 1554 2331 acin

308 2369 459 2456 Belgium
492 2368 653 2454 adpuliaae
686 2369 778 2433 latua
810 2368 971 2456 intelligo.
1016 2367 1151 2434 Utinam
1184 2370 1255 2433 Deo
1282 2369 1364 2433 duce
1387 2367 1495 2431 ealvua
1518 2367 1554 2432 in

308 2469 464 2556 Angliam
486 2468 632 2533 evaaerit.

394 2568 500 2633 Video
527 2591 569 2632 ex
596 2569 700 2635 literie
723 2571 787 2635 tuia
809 2584 843 2635 at
866 2571 1026 2635 adiunctis
1050 2571 1090 2635 ad
1114 2570 1164 2634 ·S.
1188 2569 1224 2634 R.
1249 2569 1361 2634 Mztem
1384 2569 1555 2633 dominum

309 2693 414 2735 meum
438 2668 537 2755 Regia
559 2669 742 2735 Bohemiae'
755 2672 792 2756 ¹),
815 2671 953 2759 denique
977 2671 1098 2759 'ipsius
1121 2669 1268 2758 Spenaii'
1281 2671 1319 2754 ¹),
1336 2684 1429 2757 grato
1445 2670 1555 2734 animo

307 2770 394 2858 apud
432 2791 489 2833 voa
524 2784 657 2857 accepta
689 2794 757 2837 aeae
791 2772 946 2837 *consilia
981 2771 1077 2859 Regia
1110 2769 1206 2849 mei',
1239 2795 1299 2836 nec
1334 2795 1352 2835 a
1386 2769 1556 2857 'principe

308 2871 480 2937 Mauritio'
505 2870 695 2957 improbata.
731 2872 987 2937 'Difficultatea*
1003 2885 1111 2937 tamen
1135 2895 1267 2960 magnae
1289 2887 1323 2936 et
1345 2862 1459 2960 graves
1482 2871 1555 2935 aub-

307 2994 388 3049 eeae,
421 2994 555 3059 quarum
590 2972 742 3059 quaedam
769 2996 946 3047 enumeras,
969 2988 1066 3060 atque
1088 2971 1174 3038 inter
1194 2973 1267 3037 illae
1290 2971 1384 3037 facile
1406 2970 1468 3035 eibi
1492 2972 1556 3058 pri·

309 3097 398 3138 mum
425 3074 532 3137 locum
560 3073 710 3138 vendicat
731 3073 787 3138 illa
810 3074 850 3140 de
872 3073 1084 3162 impetrandis
1108 3074 1285 3160 ‘portubus
1307 3072 1555 3137 Wiamarienai'

308 3188 343 3240 et
366 3174 573 3238 'Bremenei'
596 3174 816 3262 habendieque
843 3176 894 3240 hie
918 3176 1064 3241 'dnnbna
1092 3173 1282 3239 civitatibus
1303 3173 1336 3238 in
1359 3175 1555 3260 potentate‘.

308 3276 434 3339 Cenaeo
467 3289 573 3339 tecum
607 3275 782 3341 difficulter
814 3277 876 3341 hoe
909 3275 1074 3364 impetrari
1109 3298 1202 3362 poete
1236 3274 1347 3339 multia
1369 3272 1409 3339 da
1432 3274 1555 3351 eaurie;

309 3376 366 3441 aed
389 3374 471 3440 adeo
494 3373 555 3439 hoa
577 3390 628 3440 eat
650 3378 873 3455 neceesarium,
896 3391 933 3442 ut
954 3377 1038 3443 nihil
1060 3399 1134 3441 aum
1157 3376 1280 3440 ratione
1303 3397 1321 3438 a
1339 3374 1390 3438 ³8.
1403 3375 1440 3439 R.
1456 3375 1555 3439 Mzte*

310 3475 431 3563 euacipi
465 3488 572 3561 queat,
606 3476 668 3540 nini
701 3476 734 3541 in
764 3478 897 3543 'litore'
920 3493 986 3543 tam
1011 3476 1174 3541 *Balthiei
1196 3474 1313 3539 maria'
1336 3498 1431 3560 quam
1458 3475 1557 3541 'Ger-

310 3576 449 3641 manici'
484 3576 605 3641 bonurn
634 3576 774 3664 aliquem
799 3580 968 3665 'portum'
991 3577 1118 3653 habeat,
1143 3575 1218 3641 'ubi
1245 3576 1377 3640 elaeaia'
1402 3598 1458 3662 pro
1483 3577 1557 3641 ‘an-

308 3677 418 3742 charia
444 3679 538 3753 etet',
562 3690 659 3764 atque
683 3679 870 3743 'civitatem
898 3679 1064 3755 munitam,
1088 3679 1122 3742 in
1145 3700 1209 3763 qua
1232 3676 1402 3763 adparatus
1424 3676 1556 3741 bellici·

310 3777 389 3842 fiant
411 3791 446 3842 et
468 3779 683 3855 adserventur,
708 3795 741 3844 et
757 3783 841 3867 'quo
864 3804 896 3845 ae
920 3779 979 3844 ad*
996 3801 1105 3843 omnen
1127 3778 1265 3842 fortunae
1281 3799 1380 3852 carue,
1396 3778 1452 3863 qui
1468 3793 1557 3843 certe

310 3901 375 3944 non
409 3891 485 3943 eunt
517 3880 697 3946 temeritate
725 3905 761 3946 ac
789 3880 858 3967 apei
885 3879 1024 3966 quadam
1052 3879 1192 3944 vanitate
1220 3878 1419 3965 negligendi,
1443 3877 1495 3943 ³8.
1520 3880 1558 3944 R.

311 3980 405 4044 Mztaa
437 3979 579 4067 recipere
603 3981 733 4069 poeait*.
780 3983 827 4046 De
853 3981 1038 4046 'Bremenai
1072 3980 1224 4045 civitate·
1249 4003 1286 4044 aa
1310 3981 1455 4065 *portu*‚
1479 4004 1559 4066 quo·

396 4184 416 4244 ¹)
434 4187 527 4236 Orden
545 4190 618 4237 inem
638 4187 785 4237 aeterlaker
803 4190 851 4236 aro
869 4188 879 4235 1
897 4186 1047 4251 ouginalat
1065 4186 1171 4236 akriina
1188 4187 1250 4237 med
1269 4185 1375 4235 chlffer.

396 4266 417 4323 ²)
444 4272 480 4320 At
505 4271 628 4320 namnda
645 4272 708 4321 brai
729 4275 761 4320 ar
779 4272 828 4321 det
845 4271 909 4320 irin
926 4271 1074 4333 konungen
1093 4272 1123 4321 ai
1140 4271 1262 4321 Bdhmen
1281 4270 1311 4318 ni
1329 4269 1355 4317 d.
1374 4273 1388 4316 9
1407 4269 1471 4318 Dea.
1494 4274 1559 4319 1624

311 4353 407 4417 tryekt
424 4354 473 4405 hoa
492 4354 612 4413 Monet,
631 4355 826 4406 Parmenone
844 4355 956 4416 Arahtu,
975 4354 1005 4402 V:
1025 4356 1069 4412 90;
1093 4361 1135 4405 ett
1152 4354 1214 4405 irin
1233 4355 1320 4418 Spena
1340 4354 1369 4403 at
1386 4353 1413 4402 d.
1433 4356 1463 4401 17
1484 4354 1560 4413 Dee,

310 4452 368 4489 eom
395 4437 515 4501 treugae
543 4442 575 4488 ar
601 4438 650 4488 det
674 4440 725 4489 har
751 4440 888 4503 mitade,
914 4441 1002 4489 fiune·
1024 4438 1235 4499 isslkearkivet,
1253 4437 1472 4488 Oxanatlernaka
1490 4452 1560 4487 aam-

311 4523 420 4585 lingem
439 4522 592 4571 camerarii
609 4548 642 4556 -
660 4525 818 4588 antagligen
837 4523 886 4573 dat
905 4524 935 4571 af
954 4527 968 4570 2
986 4522 1049 4572 Jan.
1062 4521 1125 4581 (och
1144 4521 1186 4580 ai)
1201 4537 1226 4570 n.
1237 4526 1313 4572 rt-
1326 4525 1357 4570 ar
1369 4521 1443 4571 aiter
1455 4536 1559 4571 namma

310 4608 430 4669 aamllng
451 4607 543 4669 tryckt
565 4606 614 4656 hoa
637 4607 884 4671 Sehybergaon,
904 4606 1027 4670 Snoriqer
1044 4623 1066 4654 o.
1087 4605 1222 4655 Hortante
1240 4605 1349 4671 diplom.
1364 4604 1559 4668 sardiniam,

311 4690 364 4740 aid.
385 4694 432 4739 124
451 4691 478 4739 ff.
