3212 5352
340 432 401 498 208

292 613 389 666 catus
417 599 612 680 Litbraniae3
639 599 724 687 apud
751 599 843 665 cuius
865 597 1110 676 Celsitudinem,
1133 597 1267 663 obtenta
1287 595 1418 663 dicendi
1440 595 1544 661 facul·

295 716 375 779 tate,
409 703 512 788 primo
538 700 629 765 illam
654 699 809 765 salutabit
831 699 960 764 nomine
982 698 1118 763 illustris
1140 698 1206 764 dzni
1229 697 1421 764 Cancellarii
1445 696 1543 761 modo

298 801 446 888 praesenti
473 824 579 867 rerum
603 801 702 866 statui
724 800 947 887 respondente,
971 823 1006 865 ac
1029 798 1145 866 deinde
1169 798 1365 886 significabit
1388 810 1422 862 et
1443 797 1543 862 latius

293 902 484 989 explicabit,
506 901 694 988 ill[ustrcm]
715 902 824 967 dtnum
847 900 1091 977 Cancellarium,
1114 899 1247 965 ductum
1262 899 1544 964 commiseratione

295 1002 510 1089 captivorum,
533 1026 612 1090 quos
634 1003 756 1067 bellurn
778 1024 795 1065 e
819 1001 929 1066 liberis
949 1024 1058 1066 servos
1078 1002 1168 1079 fecit,
1191 999 1348 1066 submisse
1363 1000 1544 1065 obtinuisse

296 1127 316 1168 a
345 1103 374 1166 S.
403 1103 440 1168 R.
466 1104 553 1171 Mne.
576 1104 651 1168 dmo
672 1115 781 1167 nostro
803 1102 1060 1180 elementitsimo,
1083 1082 1154 1166 tdm
1175 1115 1214 1165 ut
1235 1101 1280 1179 bi,
1304 1102 1358 1188 qui
1381 1123 1467 1165 nunc
1490 1100 1545 1164 de·

298 1204 443 1269 tinent-ur
470 1205 631 1290 utrinque,
654 1203 771 1290 partim
795 1202 1042 1290 permutatione,
1065 1203 1182 1289 purtim
1203 1203 1425 1288 redemptione
1447 1200 1544 1264 liber·

297 1304 358 1370 tati
382 1305 523 1390 pristinae
545 1305 800 1379 restituerentur,
822 1318 893 1368 turn
916 1316 954 1367 ut
974 1303 1008 1382 ii,
1031 1325 1110 1390 quos
1132 1304 1263 1369 fortuna
1285 1302 1362 1368 belli
1382 1302 1416 1366 in
1436 1315 1546 1387 poste·

296 1429 369 1471 rum
393 1407 526 1471 adverso
549 1405 644 1469 vultu
666 1403 845 1491 respexerit
867 1402 1018 1489 beatique
1040 1404 1195 1489 potestati
1215 1402 1404 1479 subdiderit,
1420 1416 1545 1468 certam

291 1529 389 1594 spem
422 1505 673 1591 facultatemque
704 1505 742 1569 ad
770 1526 845 1569 auos
867 1503 1023 1569 redeundi
1046 1503 1238 1582 obtinerent,
1261 1503 1359 1592 idque
1381 1518 1419 1568 ut
1442 1503 1546 1568 Celsi·

300 1606 380 1671 tudo
412 1608 514 1694 ipsius
546 1629 588 1670 ex
619 1628 678 1670 sua
710 1617 801 1692 parte
834 1605 969 1670 sentiret
1001 1617 1193 1691 gratumque
1223 1604 1366 1681 haberet,
1389 1617 1464 1671 ante
1487 1627 1546 1691 por

297 1706 406 1772 literas
428 1707 541 1794 egisse.
585 1708 759 1794 Postquam
782 1728 859 1770 raro
879 1704 1049 1771 Celsitudo
1070 1705 1173 1791 ipsius
1196 1705 1266 1769 visa
1287 1704 1330 1770 sit
1351 1728 1415 1769 non
1438 1705 1547 1770 aliena

295 1806 339 1871 ab
373 1807 431 1872 bac
464 1807 665 1873 humanitate
699 1822 732 1873 et
759 1806 878 1872 talibus
901 1806 1013 1893 pactis,
1035 1806 1150 1871 illzrem
1173 1806 1283 1871 dmum
1305 1805 1547 1871 Cancellarium
1597 1864 1601 1879 ,

298 1907 471 1995 negocium
505 1908 700 1974 accelerasse
733 1920 775 1985 et,
809 1919 967 1994 potestate
1002 1907 1184 1993 paciscendi
1212 1905 1283 1970 aS.
1306 1907 1343 1971 R.
1367 1906 1446 1971 blaa
1469 1905 1546 1970 deno

298 2022 407 2073 nostro
430 2009 572 2087 obtenta,
595 2009 706 2073 dznum
729 2009 918 2074 Udalricum
941 2008 1107 2093 ablegasse
1130 2031 1203 2072 cum
1226 2006 1386 2072 mandatis
1408 2006 1548 2072 ineundi

295 2122 402 2174 certas
424 2109 565 2175 rationes
586 2108 827 2174 liberandorum
849 2131 971 2184 eorum,
993 2108 1050 2194 qui
1072 2131 1158 2173 nttuo
1180 2109 1374 2185 detinentur,
1397 2120 1430 2172 et
1445 2107 1547 2172 simul

299 2210 461 2275 statuendi
497 2211 531 2274 in
564 2209 728 2289 futurum;
765 2209 904 2297 ideoque
938 2209 966 2273 si
998 2208 1219 2296 Celsitludini]
1250 2209 1353 2295 ipsius
1385 2207 1547 2290 placuerit

296 2332 430 2375 suorum
464 2333 648 2398 quenquam
680 2311 857 2387 nominare,
885 2310 941 2397 qui
967 2310 1103 2375 consilia
1124 2332 1233 2375 seeum
1255 2309 1410 2385 conferat,
1432 2331 1467 2374 se
1490 2310 1547 2376 rel

296 2412 550 2476 constituturum
585 2411 624 2476 de
657 2411 715 2475 illo
749 2411 895 2497 negocio,
928 2412 982 2476 vel
1011 2434 1048 2476 ea
1068 2411 1277 2475 fundamenta
1298 2410 1544 2487 collocaturum,

300 2524 423 2575 utnon
447 2511 620 2577 difficulter
641 2511 841 2599 inposterum
863 2511 961 2576 statui
983 2524 1089 2598 queat.

385 2611 483 2676 Hisce
517 2613 557 2677 ud
590 2612 676 2677 hune
704 2611 834 2676 modum
856 2611 952 2676 dietis
974 2612 1219 2699 explicatisque,
1242 2612 1335 2677 dtnus
1358 2611 1546 2688 Udalsieus,

298 2734 374 2775 eum
408 2711 605 2800 Campiduee
640 2725 695 2777 aut
727 2713 797 2777 eius
829 2712 1047 2799 subdelegstis
1079 2712 1113 2775 in
1146 2712 1342 2799 colloquium
1375 2711 1545 2789 admissus,

300 2813 440 2899 primum
473 2814 639 2901 transiget,
673 2816 700 2878 si
733 2828 849 2900 potest,
881 2814 921 2878 de
953 2812 1188 2899 permutatione
1218 2812 1434 2900 captivorum
1458 2813 1546 2877 acsi

301 2936 410 2978 omnes
443 2914 595 3001 utrinque
628 2915 749 2980 dimitti
779 2927 917 3000 possent,
945 2915 1001 3000 qui
1023 2936 1108 2978 nunc
1131 2927 1206 2978 sunt
1228 2913 1360 3000 captivi,
1381 2913 1475 2978 nullo
1498 2937 1547 2979 re·

298 3027 411 3100 spectu
435 3015 486 3079 vel
510 3015 634 3079 numeri
657 3015 709 3080 vel
732 3015 941 3093 condicionis,
963 3015 996 3078 in
1020 3038 1058 3080 eo
1080 3015 1210 3101 quidem
1228 3014 1394 3092 laborabit,
1411 3015 1546 3079 innixus

301 3115 390 3181 bisce
427 3116 615 3193 rationibus,
649 3115 734 3202 quod
769 3115 925 3202 plurimos
957 3114 1173 3179 dimiserimus
1207 3131 1280 3179 ante
1308 3128 1341 3180 et
1363 3115 1491 3180 nobiles
1515 3128 1548 3181 et

298 3216 398 3294 cives,
432 3217 486 3302 qui
519 3218 553 3280 in
587 3239 700 3280 manus
733 3228 856 3281 nostras
886 3228 1052 3293 venerunt,
1076 3229 1238 3303 sperantes
1261 3215 1385 3280 hostem
1409 3216 1546 3281 eandem

301 3316 535 3381 humanitatem
558 3318 774 3383 exerciturum
798 3316 832 3380 in
854 3329 1023 3394 nostrates,
1045 3317 1192 3403 ideoque,
1216 3317 1242 3380 si
1265 3315 1455 3380 nostratium
1472 3340 1546 3404 cap·

300 3431 407 3481 torum
434 3419 535 3482 maior
560 3418 602 3481 sit
624 3439 786 3494 numerus,
810 3418 841 3482 id
865 3416 995 3504 quidem
1018 3417 1094 3482 huic
1117 3417 1251 3505 negocio
1274 3416 1355 3481 nihil
1378 3416 1547 3494 obsistere,

299 3518 329 3581 si
352 3533 469 3582 cuncta
490 3530 576 3583 recte
599 3518 806 3582 aestimentur.

386 3618 507 3697 Quodsi
541 3619 601 3683 boc
636 3618 776 3682 obtineri
809 3641 872 3683 non
900 3632 1018 3706 posset,
1046 3620 1116 3706 pari
1142 3641 1275 3683 numero
1298 3631 1330 3683 et
1353 3618 1545 3683 condicione

303 3732 539 3805 permutentur:
564 3719 684 3783 Masius
708 3718 893 3797 Grotbusio,
916 3718 1020 3784 Rosen
1045 3719 1285 3799 Zolderbacbio,
1306 3721 1407 3787 Orten
1424 3772 1432 3785 .
1450 3773 1458 3786 .
1475 3772 1481 3783 .
1500 3721 1545 3805 .¹)

299 3833 335 3883 et
367 3820 411 3885 sie
439 3820 493 3884 alii
521 3819 653 3884 minoris
676 3819 891 3900 condicionis;
917 3820 945 3884 si
968 3821 1022 3906 qui
1045 3821 1162 3886 deinde
1185 3822 1403 3908 superfuerint
1424 3837 1545 3887 nostra·

300 3922 396 3997 tium,
429 3934 465 3984 ut
497 3920 547 3985 illi
581 3944 613 3985 se
646 3921 806 3985 redimant
832 3934 1005 4000 menstruo,
1035 3922 1121 4009 quod
1144 3933 1267 3986 merent
1289 3921 1374 4007 apud
1398 3944 1467 4000 nos,
1490 3922 1543 3985 sti·

301 4022 429 4109 pendio.

387 4121 500 4187 Certus
534 4123 650 4189 deinde
684 4123 810 4187 dicatur
837 4122 915 4199 dies,
943 4146 1006 4209 quo
1034 4122 1225 4187 conveniant
1248 4122 1401 4209 utrinque
1424 4121 1544 4209 captivi

301 4235 336 4285 et
359 4223 513 4287 sistantur
536 4248 592 4311 per
613 4224 841 4312 subdelegatos
864 4238 997 4300 nostros,
1022 4223 1077 4310 qui
1094 4222 1167 4287 illos
1185 4224 1343 4288 adducant
1358 4238 1392 4289 et
1408 4222 1545 4310 receptis

302 4322 369 4386 suis
393 4324 507 4388 alteros
530 4325 710 4389 restituant.

389 4560 408 4621 ¹)
435 4564 527 4614 Luelra
553 4566 564 4614 1
589 4565 799 4629 mannskrlptet
844 4565 880 4613 At
905 4564 1016 4614 Ulrlchs
1039 4564 1191 4614 berattelse
1213 4562 1252 4623 (se
1270 4569 1357 4613 notan
1375 4568 1458 4615 nltsta
1475 4562 1544 4621 sida)

301 4647 432 4711 frumger,
454 4653 497 4697 att
514 4649 563 4697 det
580 4648 693 4697 salande
713 4653 827 4697 namnet
844 4648 923 4697 torde
941 4649 1011 4697 bora
1029 4663 1095 4698 rara
1118 4648 1209 4711 Wolff.
