3314 5362
1240 463 1281 527 83

86 628 305 693 controversiis
328 629 395 693 suis
417 652 493 693 cunr
515 625 639 692 Polono
661 651 739 714 pace
761 628 888 693 bellove
910 629 1136 715 transigendis,
1156 652 1221 694 rem
1239 651 1324 693 com·

90 753 206 794 munem
240 753 387 816 eousque
416 730 555 814 juvaret,
589 742 625 793 ut
652 730 775 795 interea
799 752 865 793 non
887 742 972 794 esset
993 752 1081 816 arque
1104 730 1242 794 liberum
1266 731 1324 794 Po·

89 889 139 952 dug,
163 887 273 937 brilket
300 887 388 935 finnes
410 887 420 934 i
441 884 535 934 behdll
552 884 638 934 bland
658 884 690 933 Κ.
709 885 772 934 iltis
790 885 855 936 Brei
872 886 924 934 och
942 884 1148 936 Iusiruktloner
1166 887 1212 935 ior
1229 886 1324 950 Spens,

91 972 200 1034 ingllce.
246 969 290 1019 Dii
315 970 363 1018 (iet
386 968 458 1017 dook
480 972 513 1018 sir
533 969 617 1032 negot
634 968 764 1029 alrodedt,
781 968 833 1018 har
850 970 933 1020 dinen
951 970 1104 1034 konceptet
1121 970 1259 1020 anvdndts
1276 970 1324 1018 vid

90 1056 201 1119 iiijunde
221 1054 349 1117 aitryclr:

367 1138 508 1187 Resolutio
530 1137 607 1201 jussu
624 1137 650 1186 8.
669 1136 697 1185 R
717 1137 790 1187 intre
808 1137 876 1187 dcte
894 1137 1067 1188 serenissimi
1085 1153 1118 1189 sc
1135 1139 1325 1190 Potentissimi

281 1222 425 1285 principis,
443 1221 547 1271 domini
565 1221 666 1281 Caroli,
685 1220 790 1285 linguei
809 1222 968 1283 Britannias,
986 1222 1110 1273 Francioe
1126 1237 1160 1273 ac
1176 1223 1325 1285 Hybernias

281 1312 334 1356 etc
363 1306 453 1370 Regis,
480 1304 546 1356 fidei
572 1306 727 1355 deiensorIa
753 1310 816 1367 etc,
841 1307 945 1368 legato,
972 1306 1061 1356 nobili
1088 1308 1199 1358 domino
1219 1307 1326 1358 Jecobo

282 1391 399 1454 Speusio
418 1390 453 1441 de
470 1389 633 1448 Werrnston,
652 1392 741 1453 equiti
758 1395 864 1449 eureio,
882 1404 966 1453 super
982 1391 1103 1454 negociis
1120 1391 1165 1441 hic
1183 1392 1326 1455 expositis.

162 1493 280 1552 Cuncta,
299 1506 360 1554 quse
378 1506 395 1540 a
413 1492 525 1541 domino
543 1490 638 1553 iegato
656 1491 801 1554 proposita
818 1491 905 1552 inere,
923 1492 1073 1541 secundum
1091 1492 1208 1541 amicam
1224 1492 1326 1542 ssiutu·

91 1581 190 1637 tlonem,
207 1578 265 1626 huc
283 1575 418 1626 ridentur
435 1577 590 1625 summatim
607 1575 706 1624 reierri
724 1588 813 1637 posse.
848 1575 938 1625 Primo
957 1574 1068 1638 quidem
1087 1576 1241 1626 oblstioues
1256 1577 1281 1625 8.
1296 1578 1326 1625 R.

95 1662 161 1719 Etis,
183 1660 330 1726 preterito
352 1674 425 1708 cuno
443 1672 493 1721 per
509 1659 629 1709 eundem
648 1660 770 1723 legatum
787 1659 887 1720 iectus,
906 1664 1000 1722 gretes
1019 1659 1198 1710 serenissimo
1216 1660 1252 1709 ii.
1271 1661 1327 1710 Bri·

92 1748 183 1795 tenuia
208 1745 279 1807 Regi
306 1743 402 1801 iniseer
428 1744 458 1793 in
481 1756 602 1807 pressans
624 1748 716 1792 autem
739 1747 833 1792 tantos
851 1757 911 1793 sese
929 1743 1050 1793 obiicere
1068 1743 1247 1794 difficultates
1264 1758 1327 1807 pro·

95 1830 178 1892 mritis
198 1828 411 1878 condicionibus
433 1827 628 1891 edlmplendis,
649 1830 708 1876 tem
731 1827 908 1891 expertes.
926 1827 956 1877 R
975 1827 1049 1877 idola
1067 1828 1227 1889 Britannias,
1245 1843 1325 1892 qnam

93 1915 235 1977 principum
265 1911 490 1961 Germanicorum
516 1912 552 1961 ob
580 1915 703 1974 sumptus
731 1913 759 1961 in
782 1911 897 1962 militem
916 1926 1057 1975 nereaque
1074 1912 1226 1973 iaciendos,
1243 1912 1328 1962 tradi·

93 1999 186 2047 donem
203 1996 314 2046 urbium
333 2011 367 2045 ec
384 2002 511 2059 portuum
530 2010 580 2059 pro
598 1997 676 2044 selvo
694 2001 818 2058 receptu,
834 2009 866 2045 ac
883 1995 1004 2059 denique
1017 1998 1149 2059 temporis
1162 1996 1328 2058 angustiam,

95 2086 122 2130 ut
142 2096 211 2132 nnuc
239 2080 352 2144 quidem
377 2082 407 2129 in
427 2079 558 2131 effectum
580 2079 681 2129 deduci
699 2083 847 2142 nequeant.
883 2079 1091 2130 Serenirsimnm
1109 2083 1202 2131 temen
1222 2080 1327 2144 Magne

97 2166 233 2215 Ediennire
256 2165 359 2226 Regem
380 2177 487 2224 rogere,
510 2167 542 2212 ut
563 2164 588 2212 8.
607 2162 637 2211 R.
656 2163 737 2212 iiztae
755 2163 936 2213 nihilominus
954 2165 983 2213 iu
1003 2163 1143 2227 proposito
1161 2170 1330 2227 perseveret,

94 2250 172 2299 donec
200 2249 235 2299 de
262 2249 326 2298 istis
353 2248 480 2297 omnibus
506 2249 642 2297 moturius
664 2247 814 2297 deliberari
836 2250 931 2310 possit,
954 2252 1031 2297 certa
1049 2248 1148 2312 Regem
1168 2249 1329 2307 Britannice,

96 2348 148 2383 cnm
164 2335 257 2384 rideat
274 2332 334 2381 brec
352 2347 386 2381 ex
403 2331 517 2396 speciali
537 2332 640 2381 ellectu
657 2332 686 2381 in
705 2346 735 2381 se
753 2337 815 2381 orta
832 2344 900 2391 csse,
917 2346 972 2381 non
989 2331 1150 2381 deiutururn
1167 2333 1233 2382 boni
1247 2333 1329 2382 amici

93 2418 182 2467 nilide.
224 2418 363 2466 Preteres
388 2419 474 2466 etiam
500 2429 608 2479 rogere,
634 2422 674 2475 ut,
700 2430 761 2465 cnm
787 2415 983 2465 serenissimus
1010 2416 1105 2465 Daniar
1128 2416 1186 2465 Rex
1209 2418 1328 2466 animum

98 2515 159 2551 nunc
180 2503 216 2552 nd
238 2516 298 2550 rem
317 2514 487 2550 communem
506 2500 674 2560 ediunxerit,
693 2500 718 2550 S.
737 2500 768 2549 li.
786 2499 866 2549 iii-ca
885 2500 1002 2549 eundem
1021 2502 1108 2562 megia
1126 2502 1210 2550 etium
1228 2502 1331 2550 incitet

98 2599 125 2633 sc
146 2590 313 2650 permovent.
358 2584 462 2643 Quodsi
487 2599 554 2634 rero
579 2586 673 2647 aliqua
694 2585 820 2633 simultas
838 2588 887 2633 aut
904 2586 1033 2646 suspicio,
1051 2588 1113 2633 orte
1130 2599 1165 2633 ex
1183 2584 1234 2633 boc
1251 2585 1331 2648 Regis

98 2668 181 2719 Deniae
206 2671 345 2733 adparatu
373 2673 422 2717 sut
443 2667 564 2728 aliunde,
587 2668 750 2718 benevolum
769 2668 864 2718 horum
882 2667 986 2729 Regum
1005 2668 1135 2717 eflectum
1154 2668 1331 2727 interturbet,

96 2752 223 2803 dominum
241 2756 367 2815 legatum
385 2752 438 2802 boc
455 2753 559 2802 hebere
577 2766 594 2800 c
611 2752 727 2801 Domino
746 2766 794 2800 suo
812 2751 840 2799 iu
858 2751 1008 2813 mendatis,
1024 2757 1057 2801 ut
1073 2767 1102 2801 se
1119 2754 1281 2816 interponat
1294 2757 1331 2811 et,

98 2837 217 2887 sdlunctc
234 2837 290 2887 sibi
307 2836 462 2886 Illustrium
481 2836 657 2886 Dominorum
675 2835 807 2885 Ordinum
826 2836 1003 2885 Generalium
1016 2836 1104 2900 Belgil
1118 2836 1217 2899 legato,
1230 2840 1332 2886 cuncte

92 2925 220 2972 communi
242 2935 333 2971 censa
357 2923 442 2970 noxis
458 2920 559 2970 tollere
577 2924 702 2978 conetur,
721 2920 950 2982 quemadmodum
968 2920 1094 2970 dominns
1112 2921 1220 2983 legatus
1238 2920 1331 2969 studia

93 3005 228 3069 officioque
246 3020 297 3055 sua
315 3006 415 3055 devote
434 3005 525 3055 offert.

168 3090 205 3139 Ut
230 3090 317 3153 igitur
343 3089 472 3138 dominus
499 3089 606 3152 legatus
627 3093 748 3138 mentem
772 3088 796 3136 S.
815 3087 845 3136 R.
864 3088 937 3137 Mztiu
957 3089 1055 3137 mellus
1073 3092 1224 3148 cognoscat
1242 3092 1272 3136 et
1290 3088 1333 3136 iir-

95 3175 155 3223 nius
171 3178 276 3232 tenent,
294 3173 394 3222 istbaeo
411 3173 590 3222 resolutionis
607 3174 669 3222 loco
689 3172 755 3220 dare
773 3172 891 3235 placuit:

169 3258 287 3307 Primum
315 3256 434 3320 requirit
460 3258 487 3306 S.
513 3256 543 3305 R„
571 3256 661 3318 litter,
688 3261 719 3305 ut
745 3255 873 3305 dominus
899 3256 1007 3318 legatus
1029 3257 1056 3305 in
1080 3255 1172 3304 reditu
1190 3269 1240 3305 auo
1258 3256 1283 3305 S.
1303 3255 1332 3304 R.

95 3340 177 3391 linem
195 3342 355 3401 Britannias,
375 3340 435 3389 Suae
453 3341 546 3402 Regire
564 3340 638 3390 litis
656 3342 775 3399 nomine,
792 3355 873 3403 quarn
887 3340 1052 3389 amicissime
1063 3340 1207 3398 resolutet,
1221 3344 1335 3389 cuncte·

94 3438 141 3486 que
157 3426 222 3475 boni
240 3430 270 3475 et
288 3426 392 3475 sinceri
408 3425 505 3473 iretrls
523 3438 557 3473 ec
575 3424 658 3474 amici
676 3423 766 3474 officis
785 3424 901 3474 deleret.

169 3510 278 3559 Deinde
306 3514 337 3559 ut
358 3523 408 3571 pro
431 3522 480 3559 aua
501 3508 700 3571 prudentiane
719 3508 830 3568 notitia,
848 3522 929 3571 quam
948 3508 1034 3557 babet
1051 3507 1228 3557 consiliorum
1247 3512 1276 3556 et
1293 3521 1335 3557 re·

96 3604 148 3640 rum
164 3594 189 3641 8.
207 3595 236 3643 it
255 3593 339 3651 iiztis,
358 3592 488 3647 declaret.
508 3593 665 3642 chisilenes
684 3598 748 3641 ente
767 3606 867 3641 sunum
886 3592 978 3641 iactas
996 3591 1077 3640 unice
1095 3590 1160 3639 hinc
1178 3596 1253 3641 ortus
1266 3606 1335 3653 esse,

98 3677 162 3737 quod
183 3679 208 3727 S.
226 3677 256 3725 ii.
277 3677 357 3726 lites
375 3690 433 3726 rem
452 3691 623 3726 communem
641 3676 725 3725 valde
743 3677 979 3725 animadverteret
995 3675 1158 3738 periclitari,
1176 3677 1336 3725 verendum·

91 3774 143 3822 ene
167 3776 234 3821 esse,
261 3761 292 3810 ni
318 3761 483 3824 tempestive
510 3763 598 3811 iretur
624 3761 735 3810 obviam
763 3774 795 3809 ac
819 3760 952 3808 saisieris
975 3765 1140 3822 caperentur
1158 3761 1283 3821 consilia,
1302 3775 1336 3810 ne

98 3858 142 3893 noa
166 3860 259 3895 omnes
287 3844 438 3907 aliquunde
466 3846 616 3908 abriperet,
643 3848 692 3894 eut
718 3852 792 3894 carte
814 3846 843 3893 iu
861 3843 1072 3893 inextricabiles
1091 3844 1243 3893 coniiceret
1261 3845 1336 3907 leby-

99 3929 209 3987 rlnthos3
227 3929 347 3992 ideoque
366 3942 426 3977 oum
444 3930 515 3979 allus
533 3944 567 3978 eo
586 3929 696 3992 quicem
714 3934 837 3991 tempore
851 3942 905 3977 uon
918 3929 1096 3989 reperiretur,
1110 3929 1158 3989 qul
1171 3926 1230 3977 eius
1243 3942 1337 3977 curem

97 4025 153 4061 cum
178 4015 302 4077 periculo
330 4027 380 4061 suo
406 4014 581 4063 coniunctam
608 4012 694 4062 veliet
721 4014 871 4075 suscipere,
898 4026 927 4060 se
954 4010 1099 4074 officiaque
1122 4025 1171 4060 sua
1193 4012 1338 4071 obtulisse,

101 4095 167 4145 nulio
183 4104 276 4147 temen
293 4101 460 4159 ¹argumento
478 4099 565 4158 magis
583 4102 717 4159 permota,
736 4110 819 4158 quam
837 4094 910 4158 quod
930 4095 957 4143 ld
976 4098 1083 4158 gistum
1103 4094 1284 4145 serenissimo
1302 4095 1338 4144 M.

103 4177 240 4231 britannie
266 4180 335 4242 Regi
362 4180 496 4229 moderno
518 4185 549 4229 et
566 4180 739 4243 intelligeret
756 4185 785 4228 et
804 4178 970 4236 confiderem
989 4181 1047 4228 eius
1065 4181 1138 4228 enim
1156 4179 1287 4227 amloitiae
1306 4193 1339 4229 sc

100 4264 231 4314 conelesti
256 4265 461 4314 benevolentias
489 4266 570 4313 sicuti
598 4264 623 4313 S.
649 4263 680 4312 B.
704 4263 785 4312 iiztar
805 4263 834 4313 in
857 4262 953 4326 primia
972 4263 1139 4319 confidebat,
1157 4262 1198 4312 ita
1215 4262 1286 4312 nihii
1305 4265 1340 4323 ei,

104 4348 169 4407 quod
194 4349 252 4398 fieri
279 4353 383 4411 posset,
409 4348 603 4411 denegandum
626 4349 752 4410 putebat.
789 4347 888 4396 Gratas
906 4347 993 4407 igitur
1009 4346 1060 4394 has
1076 4347 1235 4396 oblationes
1253 4348 1339 4398 inisse

106 4426 163 4492 Regi
187 4432 220 4482 li.
247 4434 409 4493 Britannia,
433 4433 459 4481 S.
477 4433 507 4482 R.
526 4431 607 4481 littus
625 4432 724 4481 lubens
743 4433 861 4495 accepit
899 4433 934 4478 At
952 4430 1027 4493 quod
1044 4434 1130 4479 teutae
1149 4431 1266 4480 oblectoe
1284 4434 1341 4481 sint

105 4518 239 4577 propones
265 4516 478 4567 condicionibus
501 4515 690 4574 difficultates,
713 4520 745 4564 ut
761 4530 835 4564 nunc
853 4514 967 4565 effectui
986 4513 1047 4564 dari
1065 4519 1211 4578 nequeant,
1230 4529 1296 4565 sene
1315 4516 1339 4565 S.

107 4595 133 4644 R
155 4600 230 4650 lites
256 4616 313 4651 non
340 4606 434 4664 potest
461 4614 595 4659 recusare,
622 4601 779 4663 propositas
806 4599 985 4648 condiciones
1007 4600 1114 4661 maguis
1132 4613 1192 4648 cum
1211 4601 1340 4649 oneribus

105 4685 257 4736 coniunctas
283 4700 340 4736 nou
369 4685 450 4735 mode
474 4698 509 4734 ex
530 4691 610 4748 purte
629 4685 808 4747 rquuorum,
826 4698 940 4747 quorum
959 4683 1077 4732 interest
1094 4697 1152 4732 rem
1171 4697 1340 4733 communem
