3244 5334
1222 461 1283 527 289

85 754 152 808 148.
196 753 265 808 'riu
288 752 415 822 caspar
436 753 611 821 Dreyling.
862 753 1015 809 Bersohn
1037 754 1072 808 d.
1094 755 1115 808 8
1136 754 1213 809 Jan.
1236 754 1327 809 leae.

85 967 131 1017 Om
150 969 340 1018 resolutiones
359 969 405 1017 lor
421 968 535 1024 honom3
554 967 650 1017 skalen
669 968 782 1016 hvartbr
799 967 1001 1017 atersttllaude
1014 967 1042 1016 at
1055 966 1141 1016 uttan
1155 967 1205 1016 och
1220 967 1327 1019 Banake

164 1054 210 1102 tlll
230 1053 355 1115 bertigen
374 1052 404 1100 at
422 1051 547 1101 Kurlaud
566 1052 590 1114 ej
611 1052 719 1100 kunnat
737 1050 861 1114 basilias.

438 1198 567 1263 Nobilis
591 1212 686 1285 atque
709 1197 884 1261 Excellens
907 1197 977 1261 Vir.

164 1332 304 1396 Detinui
338 1333 472 1397 Dzonem
507 1348 596 1396 tuam
630 1331 765 1409 diutius,
798 1355 894 1417 quarn
928 1332 1189 1396 existimaveram
1222 1332 1328 1409 initio,

85 1434 170 1497 nullo
206 1456 278 1497 meo
311 1432 407 1509 vicio,
440 1434 496 1498 sed
530 1433 616 1519 quod
644 1433 752 1518 magni
765 1432 927 1518 ponderis
950 1447 1042 1496 erant
1065 1432 1234 1520 postulata,
1258 1456 1329 1519 que

9 1550 10 1559 ¹
84 1534 353 1621 proponebantur,
390 1548 423 1598 et
454 1532 645 1618 indigebant
677 1547 827 1598 accurata
860 1532 1104 1607 deliberatione,
1138 1547 1207 1598 tum
1241 1533 1327 1619 quod

84 1658 198 1721 magna
232 1634 377 1698 locorum
410 1634 563 1698 distantia
596 1658 614 1697 a
648 1633 677 1696 S.
707 1634 742 1697 R.
773 1634 851 1698 M:te
874 1634 949 1697 dzuo
972 1656 1043 1697 meo
1066 1633 1327 1712 clementissimo,

9 1784 10 1817 ,
84 1737 164 1800 unde
194 1735 276 1799 mihi
304 1735 461 1821 capienda
484 1734 638 1799 resolutio
662 1748 738 1803 erat.
762 1734 944 1820 separabar.
988 1733 1104 1821 Itaque
1127 1734 1254 1798 confido
1278 1758 1328 1799 me

83 1837 121 1898 ob
153 1859 275 1901 moram
309 1834 522 1921 respondendi
555 1835 779 1920 interpositam
813 1850 846 1899 et
875 1834 1023 1922 illusqri]
1051 1835 1192 1922 Principi
1216 1848 1273 1900 tuo
1296 1848 1329 1900 ct

86 1936 176 2000 Dzoni
203 1951 268 2000 tuae
290 1949 479 2000 excusatum
502 1936 581 2001 fore.
625 1936 801 2022 Quousque
825 1958 903 1999 vero
925 1935 959 2000 id
981 1937 1154 2023 negocium
1176 1936 1329 2001 neutrali·

84 2038 155 2102 tatis
185 2036 318 2123 perduci
346 2035 495 2123 quiverit,
517 2036 550 2099 id
575 2037 664 2101 D2tio
687 2050 744 2101 tua
765 2051 940 2123 cognoscet
962 2060 1005 2100 ex
1027 2036 1223 2101 resolutione
1247 2060 1327 2115 mea,

82 2139 170 2221 jussu
196 2138 226 2201 S.
251 2139 289 2201 R,
313 2136 401 2201 M:tis
423 2138 509 2213 data,
532 2149 566 2202 et
588 2139 799 2223 conceptione
823 2152 1000 2222 pactorum.

164 2240 214 2303 De
239 2237 354 2301 ceteris
376 2237 458 2301 nibil
481 2239 637 2324 estquod
660 2239 808 2317 scribam,
831 2262 905 2302 cum
929 2238 1079 2324 pleraque
1103 2251 1215 2324 putem
1236 2239 1328 2303 vobis

85 2363 144 2402 non
167 2339 352 2424 displicere.
396 2338 469 2402 Hoc
492 2339 605 2403 saltem
628 2362 692 2402 non
715 2361 847 2425 possum
869 2338 1039 2424 praeterire,
1057 2339 1135 2425 quin
1151 2338 1248 2403 Dzoni
1265 2352 1328 2403 tuse

85 2439 177 2525 paulo
212 2439 329 2503 melius
362 2439 535 2525 explicem,
569 2440 600 2503 S.
634 2440 671 2504 R.
700 2440 810 2503 M:tem
834 2439 944 2503 dznum
968 2453 1113 2503 nostrum
1137 2440 1327 2525 aliquandiu

85 2541 114 2603 in
146 2563 305 2626 suspenso
337 2540 448 2616 fuisse,
478 2564 517 2604 an
540 2541 609 2605 sine
633 2563 758 2604 summo
781 2541 976 2604 detrimento
1000 2554 1032 2603 et
1055 2540 1200 2628 periculo
1223 2563 1327 2606 rerum

85 2664 209 2706 suarum
243 2641 412 2707 restituere
445 2656 554 2729 posset
587 2642 717 2706 domino
751 2658 806 2705 tuo
839 2639 1030 2705 blithaviam
1065 2656 1098 2705 et
1125 2640 1327 2706 Baudschen·

84 2742 229 2830 burgum.
274 2742 379 2805 Favor
400 2741 434 2805 in
457 2743 586 2806 domum
612 2742 860 2806 Churlandicaru
877 2741 1117 2806 restitutionem
1134 2742 1326 2823 suadebant3

84 2843 226 2929 pericula
255 2843 330 2907 inde
353 2843 566 2919 imminentia,
589 2843 616 2905 si
638 2857 733 2929 pacta
754 2865 819 2905 non
842 2856 1055 2919 servarentur,
1078 2857 1115 2906 ut
1137 2866 1200 2907 non
1224 2867 1327 2908 serva·

84 2957 149 3008 tum
171 2945 213 3008 iri
237 2967 255 3007 a
279 2943 400 3006 Polono
422 2942 576 3007 credibile
599 2956 658 3020 est,
685 2944 862 3030 proclivem
885 2943 1098 3008 retrahebant.
1144 2945 1326 3009 Restituere

84 3068 209 3132 quoque
240 3046 317 3108 istas
339 3067 426 3109 arces
449 3057 499 3108 est
520 3067 553 3107 se
576 3044 712 3130 spoliare
735 3045 861 3130 magnis
884 3044 1165 3108 commoditatibus
1188 3046 1327 3111 nocendi

84 3145 164 3210 hosti
199 3170 236 3209 ac
266 3168 329 3208 non
357 3159 482 3209 tantum
508 3143 728 3229 Semigalliam
751 3146 930 3221 restituere,
953 3144 1007 3208 sed
1032 3169 1179 3232 magnam
1203 3162 1325 3232 partem

84 3245 264 3310 Lithuaniae
294 3269 330 3309 ac
353 3244 570 3332 Samogithiae,
594 3269 664 3332 quae
691 3246 786 3308 rebus
809 3246 854 3309 sic
878 3246 1048 3322 stantibus,
1072 3247 1098 3309 si
1122 3247 1240 3310 nostris
1262 3271 1327 3311 non

84 3347 213 3431 perierit
246 3346 353 3423 armis,
388 3345 600 3410 Cosaccorum
633 3359 730 3430 atque
763 3347 928 3410 exercitus
961 3347 1082 3432 proprii
1117 3347 1265 3411 manibus
1294 3365 1327 3413 et

81 3448 319 3528 direptionibus
352 3461 441 3511 certo
474 3448 592 3511 certius
627 3446 769 3532 peritura
802 3460 860 3510 est.
910 3447 993 3511 Cum
1021 3448 1107 3511 enim
1130 3449 1327 3535 Respublica

84 3548 203 3613 Polona
237 3570 290 3611 eas
319 3569 404 3612 arces
430 3571 490 3612 neo
517 3546 663 3611 obsidere
686 3571 759 3611 cum
783 3549 951 3611 commodo
974 3570 1042 3625 suo,
1065 3572 1124 3613 nec
1147 3549 1326 3636 relinquere

83 3650 147 3713 sine
175 3649 372 3713 detrimento
399 3648 510 3734 possit,
533 3649 629 3711 facile
652 3648 799 3732 judicatu
822 3648 894 3724 erit,
915 3671 981 3711 non
1004 3648 1165 3713 immerito
1187 3649 1326 3716 hesitare

83 3748 110 3813 S.
134 3751 171 3815 R.
196 3750 321 3825 M:tem,
345 3772 384 3813 an
406 3750 589 3813 istiusmodi
612 3749 813 3813 munimenta
827 3749 1002 3834 provinciae
1020 3749 1165 3813 Livoniae
1181 3751 1326 3816 deserere

82 3865 113 3915 et
144 3851 280 3916 reddere
313 3849 430 3914 debeat
462 3852 500 3914 ad
535 3852 658 3914 nudum
692 3849 907 3914 neutralitatis
935 3872 1051 3914 nomen
1074 3873 1110 3914 ac
1133 3851 1269 3937 spoliare
1292 3876 1325 3917 se

81 3951 157 4016 reali
196 3950 450 4027 adseeuratione,
488 3964 618 4036 recepta
655 3950 788 4028 literuli3
828 3951 1003 4035 praeaertim
1036 3974 1110 4015 cum
1144 3975 1232 4016 arces
1264 3952 1327 4016 illas

81 4051 272 4117 immineant
294 4051 367 4115 urbi
389 4052 534 4138 Rigensi,
558 4074 593 4116 ac
611 4075 675 4114 non
691 4051 854 4115 immerito
871 4052 940 4114 eius
956 4052 1200 4138 propugnacula
1215 4052 1325 4118 haberi

81 4154 213 4238 possint.

164 4254 266 4318 Hisce
299 4266 386 4317 recte
419 4252 639 4327 consideratis,
673 4276 737 4316 non
770 4252 943 4317 difficulter
976 4254 1065 4318 Dttio
1099 4269 1156 4317 tua
1184 4276 1241 4339 pro
1269 4277 1327 4319 sua

81 4355 254 4438 prudentia
282 4353 451 4437 judicabit,
489 4352 520 4416 S.
551 4353 588 4418 R.
617 4354 729 4417 M:tem
751 4354 790 4417 ad
814 4353 899 4417 hunc
923 4354 1053 4429 modum
1076 4355 1246 4419 restituere
1268 4355 1327 4419 illa

81 4477 141 4518 non
165 4477 271 4542 posse.
317 4453 417 4518 Videt
439 4453 570 4539 quidem
594 4453 624 4517 S.
648 4454 686 4518 R.
710 4454 804 4518 M:taa
827 4466 946 4517 statum
969 4478 1075 4518 rorum
1100 4455 1260 4542 Principis
1276 4457 1326 4521 tui

81 4553 154 4621 hinc
186 4554 369 4619 subiectum
392 4554 609 4641 qualicunque
631 4554 786 4640 periculo,
808 4576 872 4617 non
896 4569 960 4618 tam
985 4578 1003 4618 a
1026 4556 1056 4619 S.
1080 4556 1117 4620 R.
1140 4557 1228 4629 M:te,
1251 4581 1326 4622 cum

81 4653 154 4721 hinc
189 4655 249 4721 sub
282 4654 385 4742 pactis
418 4655 635 4720 neutralitatis
667 4655 731 4742 ipsi
765 4656 871 4721 caveri
905 4655 1016 4741 possit,
1050 4658 1104 4722 sed
1140 4680 1158 4720 a
1189 4658 1326 4737 Polon03

160 4780 223 4829 Aut
243 4780 406 4828 eumarum
425 4780 445 4826 1.·
462 4782 487 4826 3.
1227 4776 1259 4827 19
