3264 5354
291 780 338 835 1².
368 778 440 834 'ltu
461 777 645 846 sigmunm
666 791 732 833 von
755 776 897 834 Gotrsn.
1003 774 1201 845 Junksprng
1222 774 1256 830 d.
1279 777 1301 830 8
1322 774 1424 830 Psbr·
1447 774 1543 830 lass.

292 993 400 1058 Tlllagg
425 994 471 1042 tul
494 995 536 1041 stt
553 992 733 1054 loregtends,
751 1007 810 1041 som
828 991 963 1055 fdrdrdjts
981 1006 1081 1054 genum
1098 991 1224 1041 kurlrens
1243 989 1378 1053 siukdom.
1415 989 1464 1039 Onr
1485 989 1545 1038 fdr-

376 1076 583 1138 handllngsrna
604 1075 613 1125 i
638 1076 790 1133 ommam
812 1076 924 1139 konung
942 1075 1097 1125 Christiana
1114 1076 1286 1137 rustningar;
1309 1073 1545 1123 sammankallun·

377 1160 427 1209 det
451 1161 480 1209 al
502 1160 552 1209 det
574 1159 792 1210 Nodos-miska
814 1159 989 1211 krstsmdtet.
1028 1158 1131 1208 Skllen
1147 1160 1193 1208 tor
1211 1159 1312 1208 (lnam
1329 1157 1427 1207 sdolrs
1445 1157 1546 1207 anbud

377 1249 420 1295 att
443 1244 582 1308 upptrssda
599 1243 645 1294 ull
661 1243 772 1293 forman
789 1244 836 1293 for
853 1245 907 1294 den
926 1257 1131 1307 gsmsnsamma
1148 1242 1243 1293 sakan.
1261 1242 1331 1292 hans
1348 1241 1478 1305 villlghet
1497 1244 1546 1291 att

344 1326 347 1335 '
376 1329 459 1379 trfida
484 1328 605 1378 tillbaka
631 1329 676 1377 tor
700 1328 850 1387 Christian,
868 1342 911 1377 om
930 1326 961 1376 st
979 1326 1125 1387 dnskadss,
1142 1327 1256 1377 hvartor
1273 1325 1308 1375 ds
1325 1325 1405 1388 tyske
1424 1325 1547 1375 forstar-

378 1428 426 1462 nes
444 1411 550 1462 lsiktcr
565 1412 660 1461 harom
680 1411 765 1461 borda
782 1412 930 1461 utforskas.
961 1409 1187 1461 Undemattelssr
1198 1409 1262 1459 tran
1274 1410 1324 1460 dat
1335 1408 1547 1459 Nsdcrsaxiska

377 1499 466 1546 motet
483 1496 608 1560 begl'srss.

594 1623 769 1712 Magnifice
790 1623 903 1711 [atquc
925 1623 1134 1689 Nobilissimc
1160 1622 1242 1710 Vir}

378 1725 581 1790 Tabellarius
604 1725 806 1790 Serenissimi
822 1725 983 1790 Electoris
999 1723 1122 1789 domini
1137 1723 1186 1788 tui
1203 1723 1313 1788 morbo
1329 1722 1545 1788 Stokholmiae

294 1828 447 1892 detentus
469 1828 503 1890 in
526 1849 621 1890 causa
642 1825 718 1902 fuit,
739 1825 825 1912 quod
840 1825 1015 1890 fasciculus
1030 1825 1196 1891 literarum
1212 1847 1355 1889 mearum
1372 1824 1412 1888 ad
1426 1836 1459 1887 te
1474 1846 1545 1887 non

295 1928 338 1992 sit
361 1928 452 2013 justo
475 1942 619 2013 tempore
643 1926 768 1990 missus.
812 1926 908 1990 Addo
930 1926 1041 2012 itaque
1064 1948 1111 2003 eu,
1135 1949 1205 2012 quae
1225 1938 1300 2011 post
1322 1925 1544 2012 contigerunt,

295 2052 355 2094 nec
377 2028 439 2093 tibi
461 2040 541 2115 puto
564 2028 653 2091 lectu
675 2027 744 2091 fore
766 2028 902 2114 ingrata.

380 2128 500 2214 Scripsi
523 2140 596 2193 unte
620 2127 661 2192 de
684 2127 793 2216 legato
814 2128 913 2215 Regis
935 2126 999 2191 mei
1022 2126 1055 2191 in
1078 2127 1227 2191 Duniam.
1264 2126 1296 2189 Is
1318 2149 1405 2190 nunc·
1427 2123 1545 2205 rediit3

296 2230 373 2316 quid
408 2231 522 2318 egerit,
556 2229 676 2315 quidve
706 2228 819 2294 tulerit
844 2229 999 2313 responsi,
1027 2228 1190 2315 intelliges
1213 2225 1336 2314 optime
1360 2249 1403 2291 ex
1424 2248 1547 2313 propo·

296 2331 412 2396 sitione
440 2331 541 2416 ipsius
566 2342 660 2416 atque
683 2342 813 2415 recepta
835 2329 1031 2393 resolutione
1054 2329 1088 2392 in
1110 2328 1247 2392 latinum
1270 2327 1426 2393 translata
1436 2327 1473 2410 ¹),
1500 2350 1547 2392 ex

296 2432 412 2519 quibus
435 2431 474 2496 de
497 2443 583 2496 statu
606 2453 711 2495 rerum
733 2430 819 2494 inter
840 2451 898 2493 nos
921 2442 954 2493 et
976 2429 1105 2493 Danum
1125 2428 1383 2493 commodissime
1396 2427 1546 2513 judicare

297 2533 429 2620 poteris.

381 2633 481 2716 Regis
515 2631 691 2697 Galliarum
725 2631 849 2718 legatus
882 2630 1031 2695 dominus
1058 2631 1109 2695 De
1131 2630 1242 2715 Haycs
1268 2633 1358 2695 venit
1380 2630 1444 2695 huc
1467 2643 1546 2695 ante

298 2734 425 2821 aliquot
457 2733 535 2810 dies,
569 2745 726 2819 quantum
759 2731 909 2819 intelligo
942 2754 985 2795 ex
1016 2731 1120 2796 relatu
1150 2731 1254 2818 ipsius
1281 2744 1314 2794 et
1339 2729 1442 2795 literis
1464 2729 1546 2797 fidei

296 2836 455 2916 (nondum
478 2834 565 2900 enim
587 2834 739 2898 mandata
761 2854 818 2896 sua
840 2832 1017 2918 exposuit),
1040 2848 1078 2896 ut
1096 2832 1249 2918 jungeret
1271 2833 1394 2896 animos
1416 2832 1546 2918 Regum

298 2937 363 3003 mei
397 2951 494 3021 atquc
528 2934 648 2998 Daniae.
698 2933 730 2996 Is
755 2933 865 2997 audita
887 2932 1059 3019 legationis
1081 2946 1196 2997 nostrae
1218 2934 1250 2997 in
1276 2934 1414 2997 Danium
1437 2954 1548 3009 carisa,

298 3038 395 3124 petiit
426 3035 615 3100 facultatem
649 3033 710 3098 sibi
744 3032 813 3097 dari
845 3034 952 3098 isthuc
985 3033 1141 3098 redeundi
1166 3056 1203 3098 ac
1230 3056 1297 3097 una
1322 3056 1396 3096 cum
1420 3033 1548 3097 Britan·

298 3139 372 3203 nico
405 3138 515 3224 legato
547 3134 615 3199 illic
648 3148 864 3199 commorante
898 3133 1096 3212 elaborandi,
1130 3148 1167 3197 ut
1193 3133 1297 3198 amica
1323 3145 1356 3197 et
1381 3133 1547 3197 sufficiens

299 3238 381 3325 Regi
415 3260 487 3301 meo
513 3234 670 3300 resolutio
693 3234 832 3313 daretur,
856 3249 924 3298 tum
948 3248 985 3298 ut
1007 3247 1135 3320 urgeret
1157 3257 1363 3321 congressum
1386 3234 1547 3320 quendam

299 3338 501 3426 personalem
535 3337 659 3423 Regum
695 3335 758 3400 mei
792 3348 889 3423 atque
921 3334 1043 3411 Daniae,
1078 3336 1118 3400 dc
1153 3358 1216 3421 quo
1249 3336 1333 3399 inter
1360 3357 1394 3400 se
1421 3347 1455 3398 et
1477 3334 1548 3398 Bri·

299 3440 465 3503 tannioum
492 3438 634 3524 legatum
659 3437 727 3521 jam
755 3436 877 3500 dudum
901 3448 1008 3499 actum
1032 3436 1146 3500 aiebat.
1192 3435 1296 3512 Abiit,
1318 3435 1423 3512 rediit,
1448 3448 1547 3521 atque

299 3541 384 3605 inter
406 3538 469 3602 alia
491 3537 604 3602 retulit
626 3536 747 3624 Regem
771 3536 881 3600 Daniae
904 3559 968 3599 non
992 3536 1133 3600 alienum
1157 3558 1226 3600 esse
1250 3560 1268 3600 a
1290 3559 1473 3623 congressu,
1490 3536 1547 3600 sed

300 3663 493 3705 convocasse
528 3638 588 3702 hoc
622 3652 766 3724 tempore
800 3635 965 3723 Principes
992 3637 1113 3701 Circuli
1136 3637 1289 3701 Saxonici
1310 3637 1487 3715 Inferioris,
1508 3649 1548 3699 ut

300 3764 373 3804 cum
404 3738 470 3803 illis
498 3752 607 3826 ageret
629 3740 668 3803 de
692 3753 778 3803 arcta
799 3739 1035 3817 coniunctione,
1058 3739 1162 3825 deque
1185 3737 1339 3802 subsidiis
1362 3760 1397 3801 ac
1420 3738 1546 3801 ratione

299 3841 491 3905 restituendi
525 3838 799 3925 conservandique
833 3862 899 3903 rem
933 3859 1151 3918 communem,
1184 3838 1291 3926 ipsum
1319 3861 1448 3924 quoque
1477 3860 1549 3922 pro·

301 3942 425 4006 misisse
448 3942 481 4004 in
505 3939 670 4026 publicum
693 3962 788 4003 usum
810 3940 899 4004 mille
922 3941 1047 4025 equites
1068 3963 1105 4003 ac
1126 3938 1362 4026 compedita
1378 3937 1548 4002 autetiam

301 4042 448 4130 amplius,
482 4042 508 4105 si
542 4041 641 4106 ceteri
669 4063 804 4126 quorum
833 4040 968 4105 interest
993 4040 1192 4118 accesserint,
1215 4053 1249 4105 ct
1269 4039 1351 4104 illud
1374 4039 1548 4126 negocium

301 4143 434 4231 adgredi
463 4142 533 4206 ausi
559 4142 691 4206 fuerint.
740 4142 818 4206 Haec
840 4164 905 4205 non
929 4140 1094 4227 potuimus
1116 4164 1180 4204 non
1202 4141 1388 4227 adprobare,
1411 4139 1467 4203 sed
1489 4139 1549 4202 mi·

301 4243 450 4307 rebamur
482 4244 595 4330 magis,
630 4242 715 4329 quod
744 4242 815 4306 Rex
843 4242 952 4305 Duniae
975 4265 1008 4306 se
1031 4241 1169 4306 militem
1192 4241 1310 4307 habere
1333 4265 1369 4306 ac
1392 4239 1548 4327 colligere

301 4366 366 4406 nou
400 4365 491 4428 posse
525 4344 656 4421 diceret,
690 4344 753 4407 nisi
782 4343 841 4407 sub
869 4355 1031 4428 praetextu
1053 4343 1122 4407 eius
1144 4342 1319 4427 colligendi
1342 4341 1493 4406 adversus
1517 4341 1548 4405 S.
1622 4376 1628 4387 ·

302 4444 339 4507 R.
364 4443 473 4507 Mztem
496 4444 661 4507 dominum
685 4464 809 4522 meum3
832 4444 917 4508 unde
940 4457 973 4507 et
994 4442 1057 4529 ipsi
1079 4443 1188 4530 legato
1210 4442 1404 4522 iniunctum,
1422 4457 1459 4506 ut
1474 4465 1548 4506 cum

302 4544 391 4631 Rege
425 4567 497 4607 mco
532 4559 650 4632 ageret,
682 4568 734 4621 ne,
768 4545 795 4608 si
827 4545 854 4608 is
887 4566 996 4608 rumor
1028 4557 1241 4630 spargeretur,
1269 4566 1302 4608 se
1329 4544 1473 4608 turbaret
1494 4554 1550 4607 aut

388 4696 407 4757 ¹)
427 4699 460 4749 Se
479 4701 564 4750 olvan
582 4700 633 4750 sid.
654 4704 668 4748 t
687 4708 735 4750 not
755 4697 782 4752 ¹).
