3288 5330
347 466 409 530 478

306 634 522 703 Berussieum.
550 631 740 697 Preusische
768 626 856 707 Hrff,
879 644 1086 705 exoneratur,
1109 629 1258 695 obturare
1281 628 1470 718 adgreditur
1486 632 1542 697 hoc

305 735 410 800 modo.
431 734 606 798 Curaverat
618 745 691 797 ante
702 730 905 796 fabricandas
917 752 935 794 e
946 730 1065 819 ligneis
1076 730 1221 795 trabibus
1233 731 1319 796 inter
1329 754 1363 796 se
1375 738 1544 821 compactis

303 838 324 900 4
346 834 443 900 cistas
465 834 638 899 mediocris
660 832 902 919 magnitudinis,
925 831 1096 918 trabesque
1119 830 1262 919 singulas
1277 832 1385 899 rhedis
1401 858 1439 899 ac
1454 839 1543 902 curri·

304 935 363 1001 bus
392 935 569 1022 impositas,
593 933 728 1019 adjectis
750 933 822 998 loco
844 932 984 1018 presidii
1007 934 1047 996 12
1070 932 1129 996 alis
1152 932 1299 1019 equitum
1322 946 1357 998 et
1377 934 1442 999 400
1463 938 1543 1023 pedi·

303 1037 401 1113 tibus,
423 1059 467 1101 ex
487 1035 595 1099 insula
609 1035 805 1099 Dantiscsna
819 1046 1041 1098 transvexerat
1055 1032 1094 1097 ad
1111 1034 1230 1097 ostium
1246 1032 1405 1120 Elbingae.
1441 1036 1543 1125 thue

304 1161 341 1202 eo
357 1137 460 1201 tutius
476 1135 515 1200 ab
530 1135 654 1200 insultu
670 1148 781 1199 nostro
797 1133 960 1199 destinata
974 1132 1178 1208 conficerent,
1194 1133 1321 1198 obviam
1337 1134 1402 1200 illis
1417 1141 1544 1204 accessit

304 1237 477 1302 Polonicus
496 1222 593 1301 'alter
626 1236 798 1312 exercitus,
820 1234 878 1321 qui
900 1234 960 1298 sub
984 1233 1166 1299 Castellano
1189 1233 1387 1301 Chalisaensi
1410 1238 1544 1305 Martino

304 1337 499 1403 Kasanofslri
520 1336 555 1401 in
576 1336 776 1424 Episcopatu
797 1334 994 1400 Wurmiensi
1016 1334 1171 1400 hactenus
1194 1335 1349 1413 consedit,
1371 1352 1405 1403 et
1427 1362 1460 1404 se
1474 1364 1543 1406 cum

302 1440 418 1506 ceteris
435 1438 558 1523 junxit.

387 1538 539 1603 Vidimus
572 1537 697 1603 hostem
729 1537 764 1601 in
796 1536 870 1601 lacu
904 1536 1009 1624 glacia
1042 1549 1192 1601 concreto
1220 1550 1369 1616 stantem,
1392 1541 1447 1606 sed
1470 1542 1544 1628 quid

302 1639 449 1728 agitaret,
484 1653 517 1703 et
550 1661 590 1702 sn
623 1651 758 1725 utraque
791 1649 895 1702 castra
919 1636 1035 1722 juncta
1057 1650 1173 1713 essent,
1197 1660 1255 1724 pro
1277 1652 1365 1704 certo
1388 1664 1452 1705 non
1474 1666 1545 1707 con·

301 1742 417 1807 stabat.
471 1738 536 1803 Hic
569 1761 645 1803 vero
678 1737 826 1824 Elbingae
859 1749 909 1802 sat
930 1760 1048 1825 magno
1072 1736 1217 1825 peditatu
1241 1762 1366 1805 eramus
1388 1742 1545 1820 instructi,

301 1864 413 1906 verum
447 1840 593 1927 equitatu
625 1852 735 1905 nostro
765 1838 963 1925 Marieburgi
996 1837 1208 1924 hybernontej
1230 1839 1289 1904 sub
1323 1840 1425 1907 ductu
1446 1844 1546 1910 Mure·

302 1941 416 2007 soballi
449 1941 565 2027 campi,
600 1942 619 2005 5
648 1954 775 2005 tuntum
799 1939 855 2003 alsa
877 1938 1025 2026 equitum
1047 1952 1138 2003 erant
1159 1939 1254 2004 nobis
1276 1942 1315 2006 sd
1338 1965 1467 2009 manum
1488 1968 1545 2032 pro

300 2043 389 2107 urbis
422 2042 580 2130 praesidio,
613 2041 750 2127 ideoque
779 2042 870 2125 justa
903 2039 973 2104 acie
1005 2040 1180 2127 confligere
1202 2039 1394 2129 hostemque
1417 2044 1545 2134 abigere

301 2166 364 2208 non
399 2156 468 2208 erat
500 2166 542 2208 ex
576 2163 636 2205 usu
670 2154 790 2205 nostro.
834 2140 937 2205 Nobis
960 2139 1062 2228 igitur
1084 2140 1123 2204 ad
1145 2140 1235 2206 urbis
1257 2142 1478 2210 defensionem
1498 2147 1545 2211 in·

300 2245 410 2320 tentis,
443 2243 600 2330 hosteque
624 2241 670 2306 nil
692 2242 828 2306 violenti
851 2254 1008 2317 tentante,
1031 2240 1158 2328 integer
1179 2241 1249 2306 dies
1271 2244 1426 2310 naturalis
1448 2260 1545 2311 trans·

300 2358 391 2410 actus
417 2358 481 2423 est3
504 2367 607 2430 eoque
630 2342 784 2429 temporis
807 2343 911 2430 spatio
934 2341 1035 2406 hostis
1058 2365 1134 2406 usus
1158 2342 1197 2407 ad
1220 2342 1423 2410 collocandas
1445 2348 1546 2413 dietas

298 2448 319 2510 4
352 2446 448 2509 cistas
480 2445 515 2509 in
549 2443 632 2508 ostio
665 2444 829 2530 Elbingae3
862 2442 954 2508 binas
988 2442 1096 2529 lapide
1118 2443 1305 2531 complevit,
1328 2446 1461 2533 reliquis
1484 2471 1547 2535 pre

298 2545 399 2609 nimia
431 2545 640 2611 festinatione
674 2545 784 2608 vacuis
817 2542 947 2608 relictis.
1003 2548 1113 2629 Atque
1146 2545 1194 2608 ita
1225 2545 1402 2611 discessum
1429 2562 1488 2627 est,
1510 2564 1547 2612 ut

300 2645 493 2710 Kasanofslri
527 2647 560 2710 in
594 2644 836 2732 Episcopatum,
870 2645 970 2709 ceteri
1002 2645 1041 2709 ad
1064 2667 1123 2709 sua
1145 2657 1251 2710 castra
1272 2647 1422 2725 redirent,
1446 2650 1547 2737 prius·

299 2768 406 2835 quam,
430 2747 507 2834 quid
532 2760 692 2834 ageretur,
715 2745 809 2810 nobis
832 2759 919 2811 recte
942 2746 1108 2832 cognitum
1132 2745 1240 2818 fuerit.
1264 2748 1353 2812 nullo
1369 2748 1433 2813 ulio
1450 2750 1547 2816 detri-

299 2838 409 2912 mento
442 2847 559 2915 uostris
591 2846 694 2923 illato,
727 2847 790 2911 nisi
823 2847 910 2933 quod
943 2848 963 2911 3
996 2860 1051 2911 aut
1082 2849 1212 2912 dossas
1236 2848 1473 2915 Hollandorum
1495 2851 1548 2914 bic

298 2948 513 3013 habitantium
542 2949 631 3035 prius
654 2948 851 3034 depraedatas
873 2960 907 3011 et
927 2969 1107 3033 cauponam
1131 2948 1170 3012 ad
1192 2949 1312 3013 ssumen
1335 2949 1430 3015 sitam
1453 2974 1548 3017 exus-

298 3049 407 3113 serint.

383 3149 478 3215 Certe
512 3148 659 3214 admirari
693 3147 770 3213 satis
797 3172 861 3212 non
885 3170 1055 3233 possumus
1078 3148 1192 3212 horum
1215 3147 1382 3215 hominum
1404 3153 1548 3240 ingenia,

297 3251 414 3338 quibus
437 3251 557 3336 volupe
580 3262 629 3313 est
652 3264 685 3314 et
711 3250 820 3335 magni
837 3249 988 3313 facinoris
1004 3249 1074 3313 loco
1089 3248 1226 3314 habetur
1241 3272 1290 3314 res
1306 3252 1386 3317 adeo
1408 3255 1549 3339 pueriles

299 3365 447 3417 tentasse.
503 3351 665 3438 Quicquid
709 3350 795 3414 enim
834 3363 1021 3436 quantoque
1055 3349 1226 3414 conamine
1259 3352 1397 3439 egerint,
1439 3356 1548 3442 spatio

298 3452 445 3517 binarum
473 3452 622 3516 horarum
645 3452 677 3515 id
701 3474 795 3516 omne
818 3451 852 3514 in
875 3451 1038 3536 integrum
1061 3451 1188 3515 restitui
1211 3453 1339 3538 poterit.
1385 3455 1460 3520 Hoc
1484 3479 1549 3520 uno

297 3554 394 3631 cauti,
428 3553 514 3640 quod
537 3555 568 3618 id
592 3553 737 3617 futurum
760 3567 835 3617 ante
858 3552 1030 3616 resciscere
1052 3575 1117 3615 nou
1141 3554 1353 3639 potuerimus,
1377 3556 1459 3621 alias
1480 3558 1549 3621 sine

298 3676 428 3718 suorum
452 3655 542 3719 clade
564 3676 630 3717 non
653 3653 864 3739 aufugissent.
909 3653 986 3716 Haeo
1010 3666 1081 3717 acta
1107 3667 1182 3717 sunt
1209 3656 1248 3717 12
1274 3666 1308 3718 et
1324 3656 1364 3719 13
1378 3655 1550 3721 Februarii

298 3778 368 3841 quae
401 3754 476 3818 ideo
510 3754 652 3817 adiicere
682 3753 780 3827 volui,
802 3777 843 3818 ne
866 3754 943 3840 quid
966 3765 999 3818 te
1023 3754 1130 3831 lateat,
1154 3766 1210 3817 sut
1231 3753 1354 3819 fictitie
1376 3756 1548 3822 hominum

296 3854 466 3919 relationes
503 3866 621 3917 cuncta
652 3854 686 3917 in
720 3855 823 3918 maius
857 3854 1050 3919 extollentes
1084 3855 1170 3919 more
1203 3856 1311 3942 gentis
1344 3858 1548 3944 perturbent.

297 3954 389 4018 Vale.
410 3953 601 4027 „Dabuntur
622 3955 674 4019 die
698 3956 737 4017 15
760 3954 837 4019 Feb.
860 3958 924 4019 An.
948 3957 1040 4018 1627.

922 4087 1059 4174 Magnif.
1082 4102 1146 4153 tuae
1169 4090 1410 4157 addictissimus

1015 4190 1153 4254 Axelius

1014 4291 1227 4356 Oxenstierna
1250 4315 1314 4377 mp.

379 4433 400 4479 Α
420 4435 512 4493 tergo:
533 4431 673 4480 >Redditus
691 4431 776 4494 Hsgae
794 4430 909 4480 Comitis
926 4435 940 4478 7
960 4431 1055 4480 Martii
1072 4435 1105 4479 st.
1124 4445 1150 4479 n.
1169 4431 1266 4481 eodem
1285 4445 1383 4481 aanor.

379 4514 459 4564 Iltter
484 4515 675 4577 cgenhttndigt
701 4515 822 4577 koncept
849 4516 859 4563 l
886 4513 1069 4563 Biksarklvst.
1114 4515 1155 4563 De
1173 4515 1339 4566 chiffrerade
1358 4517 1479 4565 atellana
1496 4528 1545 4562 aa·

294 4595 432 4646 tecknade
466 4599 539 4648 alter
572 4598 730 4661 orlglnslst,
764 4598 850 4647 hvsra
877 4597 952 4648 blott
984 4597 1178 4648 undsrkrltten
1206 4603 1237 4648 ar
1264 4599 1448 4663 secutarum,
1475 4598 1544 4647 eoru

295 4680 409 4743 Camer,
435 4682 582 4732 Mhnchsa.
618 4682 667 4732 Orn
695 4683 826 4732 chlfferus
853 4682 981 4745 tolkning
1006 4696 1036 4732 ss
1063 4682 1115 4731 ald.
1134 4687 1183 4731 488
1203 4687 1252 4732 not
1268 4679 1301 4737 ‘h
1320 4683 1371 4732 har
1388 4684 1473 4732 otvan
1490 4680 1545 4729 hat
