3244 5334
1220 434 1282 498 285

1 599 2 606 '
76 599 272 676 Lithuaniae,
306 622 384 685 quos
413 600 443 663 S.
472 600 510 664 R.
537 598 632 663 M:tas
655 600 755 664 sensit
777 600 890 683 majori
912 599 1020 664 studio
1042 600 1076 664 in
1099 623 1213 686 pacem
1235 600 1325 680 ferri,

76 715 111 764 ut
132 699 219 764 nihil
243 714 387 786 optasset
409 700 522 787 magis,
546 722 642 785 quam
665 722 698 764 se
721 701 768 766 its
790 702 917 765 tractari
940 713 1037 787 atque
1060 700 1182 778 haberi,
1202 715 1239 766 ut
1255 702 1324 767 sine

75 803 234 866 dedecore
257 824 293 864 ac
315 801 460 888 periculo
484 825 541 865 suo
564 801 717 887 regnique
734 802 784 865 sui
797 802 887 885 justa
901 801 966 865 frui
981 802 1154 866 securitate
1170 802 1323 866 licuisset.

77 903 200 966 l'erum
225 915 262 965 ut
285 902 356 966 Rex
379 902 520 965 Poloniae
543 915 576 966 et
599 902 653 988 qui
669 902 770 989 ipsius
787 902 930 966 consiliis
946 902 1117 980 adhaerent,
1134 902 1217 966 nihil
1233 903 1323 980 serie,

75 1004 129 1068 sed
159 1004 201 1067 ad
229 1003 355 1067 lucrum
379 1004 532 1089 temporis
555 1002 812 1090 captandamque
836 1004 1037 1067 occasionem
1060 1016 1203 1091 agerent,
1226 1004 1324 1090 idque

76 1104 199 1169 nemini
223 1127 288 1167 non
311 1116 444 1190 pateret,
468 1104 524 1189 qui
548 1104 629 1168 bona
652 1104 715 1168 fide
737 1118 770 1167 ct
792 1104 915 1168 sincere
937 1103 977 1168 de
1000 1126 1034 1168 re
1052 1105 1200 1188 judicare
1215 1104 1324 1177 vellet,

77 1206 107 1269 id
141 1204 248 1268 lll:tas
282 1203 386 1290 ipsius
413 1205 545 1291 cogitet,
567 1203 660 1267 cuius
683 1206 725 1269 sit
746 1204 885 1267 vasallus
908 1218 942 1268 et
964 1204 1174 1281 feudatarius,
1197 1226 1325 1290 quoque

76 1306 145 1369 loco
180 1305 332 1383 haberet3
365 1305 482 1391 quibus
515 1304 596 1368 bene
630 1304 851 1382 consideratis,
880 1318 944 1368 tarn
974 1329 1101 1392 aequurn
1128 1327 1233 1369 rerum
1256 1305 1325 1368 fore

72 1405 218 1489 judicem
244 1418 404 1492 putamus,
427 1421 464 1470 ut
487 1429 550 1469 uon
574 1404 679 1469 minus
702 1406 732 1469 S.
756 1406 793 1469 R.
817 1406 930 1469 lll:tern
954 1406 996 1470 sit
1016 1419 1217 1480 excusatura,
1238 1405 1323 1490 quod

79 1505 169 1570 lll:tis
206 1505 311 1590 ipsius
345 1505 514 1569 commoda
540 1506 736 1593 negligendo
765 1505 931 1571 securitati
954 1506 1088 1593 propriae
1112 1507 1325 1592 prospexerit,

77 1605 267 1692 hostemque
290 1607 397 1693 potius
420 1630 463 1671 ex
486 1607 615 1671 Ducatu
631 1606 836 1671 Churlandiae
852 1630 1004 1693 premere,
1021 1630 1116 1692 quarn
1133 1607 1207 1670 inde
1223 1606 1325 1691 premi

77 1708 255 1771 abeodem
278 1708 429 1785 voluerit,
453 1729 547 1794 quam
571 1707 611 1770 de
636 1708 775 1794 acceptis
799 1708 1000 1772 detrimentis
1023 1730 1246 1794 conquassata.

158 1810 223 1874 <Ius
247 1807 465 1873 neutralitatis
488 1832 570 1872 verae
592 1832 657 1871 non
680 1808 851 1873 invidisset
874 1809 904 1871 S.
928 1809 965 1872 R..
988 1809 1082 1873 M:tas
1098 1808 1208 1872 domui
1225 1806 1326 1871 Chus-

77 1909 222 1984 landicae,
252 1910 363 1995 eisque
389 1908 422 1973 id
450 1909 590 1973 triennio
617 1909 733 1974 abhinc
758 1911 797 1973 ad
820 1924 968 1996 rogatum
991 1908 1199 1974 illustrissimi
1225 1909 1325 1972 Ducis

78 2010 276 2075 Pomeraniae
295 2010 392 2094 justis
415 2009 658 2074 condicionibus
681 2024 894 2075 consenserat.
933 2010 1086 2096 Aequod
1110 2010 1141 2074 id
1159 2023 1323 2096 peractum

76 2110 304 2196 firmatumque
326 2134 391 2173 non
414 2112 466 2187 sit,
489 2111 661 2176 illustritas
684 2113 786 2196 ipsius
809 2112 860 2175 vel
883 2111 944 2175 sibi
964 2110 1027 2196 ipsi
1043 2111 1104 2187 vel,
1121 2110 1207 2196 quod
1224 2111 1324 2173 credi·

75 2211 172 2275 bilius
208 2224 266 2287 est,
301 2212 385 2298 Regi
418 2235 477 2276 suo
500 2236 535 2277 ac
558 2211 794 2299 Reip[ublicae],
820 2212 875 2298 qui
898 2212 1004 2275 forsan
1027 2211 1060 2274 id
1083 2234 1146 2275 non
1171 2210 1324 2297 adproba-

77 2313 192 2389 rerint,
217 2313 333 2376 merito
356 2311 523 2378 adscribat.

158 2413 235 2477 Etsi
268 2436 345 2476 vero
373 2414 404 2476 S.
433 2413 470 2477 R.
494 2414 588 2478 bites
611 2436 789 2500 praegraves
813 2438 849 2477 ac
873 2413 1087 2499 ponderantes
1110 2412 1207 2478 habct
1229 2413 1325 2477 ratio·

76 2537 130 2578 nes
152 2537 220 2577 non
245 2514 442 2578 concedendi
466 2514 546 2578 lll:ti
568 2514 671 2600 ipsius
689 2515 896 2600 Ducatuique
913 2514 1114 2578 Cburlaudiae
1131 2538 1165 2578 ac
1184 2514 1323 2579 Dioecesi

78 2614 213 2678 Piltensi
244 2616 300 2699 jus
332 2615 556 2691 neutralitatis,
587 2615 801 2689 considerans,
825 2629 960 2702 quantas
982 2615 1153 2679 facultates
1176 2616 1237 2680 sibi
1260 2616 1323 2680 isto

76 2739 230 2781 concesso
259 2717 341 2802 eripi
365 2716 517 2801 patiatur,
541 2730 574 2780 et
596 2717 721 2779 hostem
745 2717 969 2802 prosequendi,
993 2717 1131 2779 nocendi
1155 2729 1251 2801 atque
1275 2740 1324 2779 ur·

76 2818 173 2899 gendi
207 2830 241 2880 et
276 2840 324 2880 res
352 2841 425 2881 suas
452 2818 485 2880 in
510 2817 635 2881 hostico
658 2817 845 2881 stabiliendi
867 2841 902 2880 ac
926 2817 1084 2893 firmandi,
1108 2830 1214 2880 tamen
1237 2830 1325 2880 mota

77 2916 225 2981 adductis
266 2919 474 3003 argumentis,
512 2918 699 3003 cumprimis
734 2918 819 2981 bono
854 2916 972 2980 affectu
1005 2917 1039 2979 in
1074 2915 1322 2980 Churlandicam

76 3018 208 3082 domurn
233 3018 399 3094 Ducalem,
422 3018 570 3103 sepositis
591 3018 768 3082 rationibus
785 3019 979 3081 contrarium
996 3017 1214 3093 suadentibus,
1227 3018 1322 3101 jussit

77 3141 125 3183 me
148 3119 233 3182 lll:ti
256 3118 358 3204 ipsius
381 3134 522 3181 mentem
545 3140 635 3181 satam
651 3117 822 3195 declarare,
839 3118 934 3204 quod,
951 3117 1219 3204 quemadmodum
1237 3132 1323 3181 aute-

76 3218 134 3283 bac
169 3219 280 3307 legato
315 3219 414 3283 Ducis
450 3219 643 3283 Pomeraniae
672 3218 702 3279 S.
727 3218 791 3280 Sua
813 3219 850 3282 R.
874 3220 969 3283 Mztas
992 3232 1132 3282 mentem
1156 3241 1244 3281 suam
1269 3243 1324 3282 ex·

76 3321 247 3405 plicuerat,
281 3320 328 3383 ita
360 3321 536 3385 etiamnum
571 3320 676 3383 eidem
710 3318 867 3396 insistere,
894 3342 1083 3384 concessura
1104 3318 1323 3383 illustrissimo

76 3421 159 3486 Duci
191 3420 397 3486 Churlandiae
425 3434 520 3507 atque
548 3420 709 3485 nobilitati
733 3420 802 3482 eius
826 3421 970 3483 Ducatus
990 3422 1044 3505 jus
1068 3443 1149 3484 verae
1172 3420 1323 3484 neutrali·

75 3523 149 3586 tatis
187 3544 285 3608 super
317 3521 382 3584 illis
416 3522 542 3586 arcibus
573 3534 606 3584 et
633 3520 811 3599 territoriis,
835 3543 905 3607 quae
929 3521 1033 3585 adhuc
1056 3520 1261 3607 possidentur
1285 3523 1323 3584 ab

76 3622 163 3687 illius
193 3621 281 3686 lll:te
305 3644 341 3685 ac
364 3622 544 3695 nobilitate,
567 3623 643 3685 dum
667 3622 833 3686 duraverit
855 3621 915 3685 hoc
938 3622 1059 3685 bellurn
1083 3634 1226 3686 nostrum
1250 3644 1323 3685 cum

78 3723 164 3811 Rege
200 3723 380 3808 Regnaque
413 3723 556 3786 Poloniae
584 3738 617 3786 et
643 3723 764 3808 Magno
788 3723 917 3787 Ducatu
941 3722 1133 3800 Lithuaniae,
1157 3723 1184 3787 si
1207 3723 1324 3787 securi·

75 3826 132 3888 tati
180 3824 212 3888 S.
251 3824 288 3887 R.
326 3824 413 3887 alais
454 3837 486 3887 et
527 3824 675 3911 Regnum
713 3823 834 3888 Sueciae
871 3824 948 3886 satis
985 3824 1060 3887 inde
1098 3824 1323 3909 prospiciatur,

76 3924 211 4012 ipseque
247 3924 387 3988 Polouiae
419 3924 489 3988 Rex
523 3948 597 3987 curn
624 3923 832 4011 Republlica]
858 3924 1093 3988 interveniente
1122 3925 1249 3989 decreto
1272 3948 1322 3987 co·

76 4025 194 4090 mitiali
217 4025 250 4089 id
274 4038 378 4090 ratum
401 4024 518 4089 habeat
541 4025 610 4089 siue
633 4025 753 4109 injuria
777 4024 915 4088 nominis
939 4024 968 4087 S.
992 4025 1030 4088 R.
1054 4025 1141 4088 blztis
1166 4047 1201 4088 ac
1218 4025 1323 4110 Regni

76 4125 211 4192 Sueciae.

159 4228 209 4293 Ut
237 4250 313 4290 vero
340 4225 602 4313 illusdrissimus]
628 4226 831 4290 Cburlandiae
859 4227 934 4291 Dux
957 4240 1096 4289 mentem
1120 4226 1150 4288 S.
1175 4225 1212 4288 R.
1237 4225 1323 4288 Mais

77 4341 167 4393 tanto
196 4327 338 4415 penitius
367 4329 609 4414 accuratiusque
637 4325 821 4413 perspiciat,
845 4348 1059 4412 perpensurus
1083 4326 1160 4412 quid
1184 4326 1226 4389 sit
1248 4350 1265 4389 e
1288 4349 1322 4389 re

76 4452 143 4505 sua,
174 4442 208 4493 et
236 4452 276 4493 an
300 4451 373 4513 spes
396 4429 437 4493 sit
460 4429 529 4493 eius
551 4428 798 4492 ratificationem
822 4451 840 4491 a
862 4427 974 4514 Regno
997 4425 1242 4512 Requepublica
1263 4427 1322 4491 Po-

76 4530 150 4593 lona
183 4528 365 4608 obtinendi,
400 4543 499 4614 utque
528 4529 656 4592 facilius
683 4528 843 4613 citiusque
865 4528 930 4591 frui
954 4528 1063 4613 cupita
1086 4527 1322 4612 tranquillitate

75 4652 110 4693 ac
146 4629 356 4694 neutralitate
391 4630 501 4716 possit,
536 4630 656 4715 placuit
689 4630 758 4716 ipsa
785 4628 999 4694 neutralitatis
1023 4642 1125 4713 pacta,
1148 4629 1181 4691 in
1205 4629 1322 4714 quihus
