3264 5354
349 446 390 509 54

390 618 550 668 Utanskritt
576 617 684 667 ssknss.
730 617 818 667 Otvsn
844 621 876 666 ir
899 615 1083 666 antecknsdt:
1111 616 1289 666 Elukemmen
1312 630 1356 665 sm
1377 620 1468 666 maen
1488 616 1559 679 Maii

307 705 387 753 Anno
407 706 480 752 1625.

390 803 515 865 Original
538 804 601 853 med
620 801 795 866 egenhsndlg
812 801 987 851 underslrrllt
1004 804 1014 850 1
1032 801 1064 850 K.
1083 801 1150 851 Geh.
1170 802 1347 862 Stastssreh„
1365 802 1469 860 Berlin,
1488 800 1560 864 jam·

305 888 384 937 reret
402 887 466 936 med
485 887 673 952 egenhandigt
691 886 810 949 koncept
829 888 838 934 l
857 885 1039 935 Rikssrkivst.
1099 880 1102 885 “

305 1329 361 1382 84.
405 1326 474 1381 um
496 1327 605 1382 nuda.
628 1324 858 1381 camararius.
1014 1324 1215 1381 Btookholm
1237 1325 1271 1380 d.
1295 1327 1315 1381 9
1337 1324 1436 1395 April
1458 1328 1558 1382 16²5.

306 1544 373 1591 Srsr
399 1543 435 1605 ps
461 1546 561 1589 trenne
585 1541 655 1589 bref.
691 1541 726 1589 At
744 1540 952 1603 flendtligheter
970 1539 1032 1588 tran
1052 1539 1144 1599 Pelen,
1162 1540 1197 1603 ps
1215 1540 1310 1590 hvilka
1329 1541 1439 1604 Sverlge
1460 1544 1492 1590 ΒΓ
1508 1541 1559 1590 be·

389 1626 460 1684 rent,
485 1626 558 1675 later
585 1626 634 1674 det
660 1624 702 1686 sig
729 1623 754 1686 ej
778 1624 939 1673 stskrtckss
962 1624 1025 1673 trin
1047 1625 1109 1673 sina
1125 1626 1230 1687 planet.
1266 1624 1421 1674 Danmsrks
1440 1629 1558 1689 npptrr's·

390 1710 482 1759 dende
510 1714 541 1757 ar
567 1723 643 1758 mars
668 1707 825 1770 hindarligt
850 1708 901 1758 och
928 1708 999 1757 hade
1027 1708 1132 1758 kanske
1159 1708 1217 1771 just
1243 1710 1339 1758 darier
1358 1715 1430 1759 satta
1450 1713 1458 1758 i
1479 1722 1557 1759 seen.

304 1844 306 1847 .
389 1794 501 1843 Dauske
518 1794 664 1856 konuugen
683 1793 732 1841 bar
750 1806 786 1841 uu
805 1805 902 1854 genem
922 1791 993 1853 bref,
1011 1792 1111 1841 hrsrsf
1125 1792 1208 1855 kopls
1226 1793 1397 1845 meduandes.
1410 1795 1558 1843 meddelat

390 1879 490 1927 Gustus
516 1877 601 1926 acolt
627 1876 669 1925 sin
696 1876 782 1926 atsikt
809 1881 851 1924 att
877 1879 956 1939 gripu
982 1877 1026 1925 tul
1053 1891 1154 1940 sepem
1182 1877 1278 1939 lyckas
1300 1877 1366 1937 han,
1388 1877 1418 1926 st
1441 1879 1558 1942 mycket

388 1963 492 2021 battre,
511 1965 578 2010 soar
596 1960 706 2023 Sverlge
725 1960 760 2009 ds
779 1962 882 2009 beruas
901 1959 964 2010 tran
982 1961 1129 2023 strataget
1147 1960 1262 2009 hvarier
1281 1962 1380 2010 Gestat
1397 1962 1483 2012 Adolt
1500 1965 1557 2012 ock

389 2048 465 2095 velat
491 2049 660 2108 uppmuntra
685 2045 783 2094 henom
810 2045 861 2093 och
885 2043 893 2092 ἱ
917 2044 996 2092 detta
1018 2044 1091 2106 syrte
1109 2051 1196 2108 yppat
1215 2047 1267 2104 stu,
1285 2046 1330 2094 for
1347 2045 1435 2109 ofrlgt
1452 2062 1555 2110 genem

389 2130 517 2191 England
544 2143 599 2191 neg
625 2130 710 2178 sedan
739 2128 860 2177 beksnta
887 2128 952 2190 plan
980 2131 1025 2175 stt
1050 2127 1119 2190 elias
1142 2128 1209 2191 ajalr
1226 2131 1306 2193 grlps
1325 2131 1366 2187 ln;
1389 2130 1557 2193 mlsslyekas

389 2214 452 2275 ban,
479 2213 551 2263 shall
575 2213 687 2276 Suarige
710 2214 793 2263 alren
815 2212 851 2261 dt
869 2211 894 2274 ej
913 2227 1006 2276 ryggs,
1026 2213 1099 2261 blott
1117 2213 1201 2261 saksn
1220 2216 1312 2277 gripes
1330 2228 1364 2263 au
1384 2216 1447 2265 med
1465 2216 1557 2278 nedlg

389 2297 618 2347 emtankssmhet.
660 2296 781 2359 Vsrulng
805 2301 847 2345 att
869 2297 1018 2359 feredraga
1039 2299 1099 2347 lose
1121 2297 1340 2361 ferhoppntngar
1357 2299 1474 2349 itemfor
1492 2301 1557 2350 sak·

389 2397 459 2441 rare,
477 2397 521 2431 om
540 2385 574 2430 in
594 2382 779 2444 basvarllgare
798 2379 894 2429 medel.

793 2474 967 2598 rogasse
991 2509 1061 2574 vir.

389 2628 496 2693 Video
524 2652 566 2692 ex
588 2628 691 2692 literis
713 2628 789 2703 tuis,
813 2650 891 2713 quas
915 2628 953 2691 ad
976 2650 1028 2691 me
1051 2627 1169 2692 dedisti
1190 2633 1224 2714 ἐξ
1247 2642 1280 2692 et
1301 2632 1335 2715 §fl
1356 2628 1452 2693 Febr.
1476 2646 1508 2695 et
1535 2636 1555 2697 5

305 2730 423 2805 Martii,
458 2728 557 2793 biduo
591 2728 707 2792 abhinc
740 2729 819 2791 mihi
853 2728 987 2792 redditis
1001 2730 1037 2812 ¹),
1071 2731 1174 2795 vereri
1203 2743 1234 2793 te
1260 2741 1487 2816 tempestatem
1510 2756 1556 2796 ex

306 2831 500 2913 'Danis‘²)‚
534 2852 603 2916 quse
631 2843 738 2894 nostra
764 2829 899 2892 consilia
920 2827 1093 2905 disturbet;
1120 2831 1286 2917 multaque
1309 2853 1351 2894 ex
1374 2831 1554 2897 'Polemo’

304 2933 426 3009 referri,
461 2955 531 3018 quae
565 2932 707 3018 'Regem
742 2930 883 2995 Sueeiae*
918 2932 1127 3017 aproposite
1149 2954 1208 2995 suo
1231 2931 1392 2996 retrahere
1416 2933 1555 3017 possint.

305 3034 353 3097 De
389 3032 551 3096 *Polono’
586 3055 648 3095 non
683 3043 732 3096 est
766 3030 912 3108 dubium,
946 3032 1039 3095 illum
1072 3030 1202 3096 hostilis
1235 3054 1368 3118 quaeque
1396 3034 1554 3099 adversus

306 3135 448 3220 'Regem
483 3132 624 3196 Sueciae·
658 3131 792 3219 agitare,
826 3146 859 3196 et
891 3155 999 3196 rumor
1032 3156 1117 3196 nunc
1144 3132 1305 3197 increbuit
1327 3133 1554 3221 paulatimque

304 3248 451 3320 augetur,
484 3236 518 3297 in
553 3233 714 3297 *comitiis
748 3233 909 3297 Polonicis
944 3233 1085 3297 bellum*
1116 3257 1185 3298 esse
1208 3234 1374 3298 decretum
1398 3236 1554 3300 adversus

306 3335 504 3399 *Sueciam‘.
549 3334 626 3397 Haec
653 3334 784 3419 quidem
807 3334 993 3420 scrupulum
1017 3334 1109 3398 nobis
1131 3335 1266 3419 injicere
1288 3348 1434 3421 possunt,
1458 3350 1493 3401 et
1516 3350 1555 3401 ut

304 3437 417 3520 majori
445 3458 522 3499 cura
549 3435 772 3499 defensionem
798 3448 939 3498 nostram
964 3434 1142 3511 moliamur,
1167 3434 1315 3515 incitare3
1339 3458 1452 3500 verum
1476 3460 1552 3501 cum

305 3536 407 3600 multo
442 3551 515 3601 ante
550 3537 615 3600 sint
648 3534 793 3622 praevise,
827 3558 938 3621 parurn
967 3536 1103 3599 consilia
1128 3549 1237 3599 nostra
1260 3536 1444 3602 turbabunt.
1490 3539 1554 3602 Illa

304 3659 390 3714 vero,
414 3660 482 3723 quae
504 3661 589 3701 nunc
612 3637 645 3700 in
671 3637 814 3701 *Dania*
839 3649 985 3722 aguntur,
1005 3637 1149 3700 consiliis
1169 3639 1286 3701 nostris
1302 3640 1406 3723 magis
1422 3640 1552 3715 obsunt,

306 3760 342 3801 ae
375 3738 494 3811 neseio,
527 3762 566 3800 an
602 3738 665 3801 alio
699 3737 763 3801 fine
797 3737 861 3801 sint
892 3737 1053 3814 instituta,
1081 3760 1177 3822 quam
1206 3752 1242 3800 ut
1263 3739 1407 3825 cogitata
1431 3740 1551 3827 ’Regis

306 3837 437 3913 Sueciae,
481 3839 579 3925 Regis
622 3838 795 3914 Bohemiae,
838 3837 998 3922 Principis
1040 3838 1176 3917 Wslliae,
1213 3838 1373 3902 Eleutetis
1412 3840 1552 3905 Brunde-

304 3939 494 4025 burgensis*
527 3938 632 4003 isthoc
667 3938 804 4002 artificio
838 3937 1072 4024 dissiparentur
1104 3953 1138 4003 et
1171 3940 1321 4005 caderent
1350 3940 1385 4002 in
1414 3963 1551 4005 cassum.

305 4040 355 4103 Tu
388 4037 497 4103 isthaec
531 4053 563 4103 et
596 4040 724 4103 illorum
753 4063 844 4103 verus
872 4062 982 4103 cousus
1006 4041 1128 4126 optime
1151 4042 1232 4104 scire
1256 4040 1387 4127 poteris,
1410 4065 1470 4105 nec
1494 4042 1552 4106 du·

305 4139 382 4216 bito,
407 4140 485 4225 quin
506 4141 584 4204 mihi
608 4141 651 4204 sis
674 4141 978 4204 communicaturus.

389 4240 473 4318 Quid
507 4240 589 4326 Regi
618 4264 689 4305 meo
717 4242 815 4304 animi
843 4242 894 4318 sit,
917 4240 1082 4327 intelliges
1105 4266 1146 4305 ex
1169 4242 1249 4304 meis
1272 4241 1385 4317 literis,
1408 4266 1488 4329 quus
1511 4243 1551 4307 ad

305 4355 337 4405 te
371 4341 445 4405 dedi
481 4342 520 4404 13
554 4342 663 4404 Martii
697 4365 771 4405 eum
805 4342 951 4406 ministro
984 4342 1050 4406 dzni
1084 4342 1220 4428 Spemii,
1255 4364 1350 4428 quem
1379 4343 1466 4430 apud
1493 4367 1550 4408 uos

390 4494 409 4557 ¹)
428 4496 550 4567 Tryckta
565 4498 615 4547 hos
634 4496 883 4559 Sehybergson‚
902 4497 1025 4561 Μονίμη
1042 4514 1063 4546 o.
1083 4495 1155 4546 Han.
1175 4497 1291 4563 Diplom.
1305 4497 1431 4559 sarbiad.
1454 4505 1551 4549 1621-

307 4587 379 4642 1630,
398 4582 448 4631 sld.
470 4584 609 4631 lob-163.
647 4585 660 4629 5
681 4580 753 4629 Mars
772 4584 803 4628 ar
821 4595 875 4643 nya
893 4584 983 4630 stilen.

388 4661 409 4726 ²)
428 4666 520 4715 Orden
539 4665 611 4715 inem
631 4665 781 4715 asterlsker
798 4668 846 4713 a'ro
866 4667 874 4712 i
894 4666 1040 4729 origlnslet
1058 4666 1164 4715 skrifna
1183 4667 1245 4714 med
1265 4666 1368 4716 chiffer.
