3314 5362
381 480 444 544 100

336 669 456 723 sumus,
479 668 549 709 eam
572 668 658 710 nunc
680 668 738 733 per
758 644 925 731 ignaviam
947 642 1240 731 D[orninsti]onum
1262 655 1440 709 vestrarum
1453 642 1589 729 judicio

337 748 437 813 simus
460 746 631 811 subdituri.

422 846 475 911 Ad
508 847 760 935 clarigationem,
794 868 889 932 qusm
923 868 986 910 non
1019 845 1212 933 tempestive
1245 845 1435 933 praemissam
1469 845 1589 921 vultis,

338 948 426 1036 quod
448 947 573 1025 attinet,
596 959 714 1011 norunt
738 945 1011 1033 D[ominsti]0nes
1034 960 1147 1011 vestrae
1168 968 1240 1011 eam
1262 969 1328 1011 non
1351 946 1415 1011 alio
1430 946 1495 1011 fine
1512 969 1591 1032 pro·

338 1051 478 1125 missam,
504 1071 601 1135 quem
623 1071 664 1112 ne
686 1047 767 1112 alter
789 1048 924 1112 alterurn
949 1070 991 1111 ex
1012 1046 1189 1133 improviso
1212 1047 1398 1115 adoriretur.
1422 1062 1525 1134 utque
1548 1047 1589 1122 is,

339 1150 395 1236 qui
432 1148 535 1213 teneri
572 1148 683 1224 nollet,
716 1148 750 1213 id
784 1148 874 1212 alteri
908 1146 1034 1211 duobus
1067 1148 1232 1213 mensibus
1266 1161 1339 1211 snte
1372 1147 1589 1235 significaret.

339 1251 531 1337 Scripsimus
565 1250 604 1314 sd
637 1247 910 1336 D[ominati]onss
944 1261 1065 1314 vestras
1098 1261 1148 1312 sat
1179 1249 1382 1334 tempestive,
1416 1248 1472 1313 sed
1496 1250 1590 1335 quod

339 1351 452 1438 paucis
485 1350 598 1415 diebus
632 1348 753 1413 diutius
787 1349 975 1415 tabellarius
1007 1350 1042 1413 in
1071 1348 1187 1414 itinere
1214 1348 1255 1412 ob
1279 1348 1355 1412 anni
1376 1348 1590 1414 difficultates

339 1452 382 1516 sit
404 1451 565 1527 detentus,
587 1449 621 1514 id
644 1450 818 1536 previdere
840 1451 971 1514 omnino
994 1472 1057 1513 non
1082 1449 1255 1535 potuimus.

424 1553 565 1616 Animus
588 1550 618 1614 S.
642 1551 679 1615 R.
703 1551 788 1614 Mztis
810 1550 933 1614 domini
955 1551 1056 1615 nostri
1073 1573 1136 1614 non
1153 1550 1260 1614 minus
1275 1574 1370 1626 nune,
1385 1573 1481 1637 quarn
1498 1566 1590 1626 ente,

339 1654 374 1718 in
398 1675 508 1739 pacem
532 1651 719 1738 propendet,
740 1664 773 1714 et
790 1673 887 1736 quam
903 1650 990 1716 hisce
1007 1652 1097 1715 annis
1114 1663 1280 1737 tantopere
1296 1664 1425 1737 umque
1440 1652 1590 1717 studiose

341 1752 507 1818 affectavit
540 1765 573 1815 et
607 1752 754 1837 quesivit
787 1751 962 1816 amicitiam
996 1776 1068 1816 curu
1096 1753 1185 1838 Rege
1209 1776 1245 1816 ac
1268 1752 1445 1840 Republica
1467 1768 1591 1831 vestra,

340 1855 474 1919 cundem
497 1875 637 1939 quaerere
659 1875 724 1915 non
748 1851 884 1917 desistet
906 1876 953 1924 ac.
977 1852 1004 1915 si
1027 1876 1096 1916 eam
1120 1852 1226 1917 minus
1244 1853 1280 1916 in
1301 1875 1459 1916 srmorum
1475 1854 1591 1939 quiete

339 1955 511 2029 invenerit,
544 1954 630 2018 inter
657 1954 810 2037 strepitus
837 1953 924 2038 ipsos
946 1975 982 2017 se
1004 1975 1176 2017 concursus
1199 1953 1371 2038 perquiret.
1416 1952 1509 2018 Nihil
1532 1978 1593 2042 op-

340 2056 439 2120 tetiua
458 2055 700 2139 jucundiusque
724 2076 802 2139 pace
825 2065 884 2131 est,
907 2053 988 2118 nihil
1011 2053 1125 2117 maiori
1147 2076 1220 2117 curu
1244 2053 1387 2139 periculo
1409 2055 1592 2119 incommo-

340 2157 423 2221 dovs
445 2156 665 2231 coniunctum,
689 2177 783 2240 quam
808 2154 878 2218 ales
900 2153 994 2227 belli;
1017 2154 1153 2219 alterum
1174 2154 1400 2239 exoptavimus
1415 2178 1511 2241 saepe,
1526 2178 1591 2221 nec

340 2257 471 2322 alterius
504 2256 668 2342 inexperti
701 2277 821 2318 snmus.
876 2254 970 2319 Illam
1003 2255 1098 2341 longe
1130 2253 1335 2340 praeferimus,
1362 2269 1396 2319 et
1418 2255 1443 2318 si
1464 2257 1592 2340 justam

341 2357 449 2431 vultis,
477 2379 516 2420 eo
545 2356 574 2419 S.
601 2356 639 2420 R.
668 2355 780 2419 bitem
808 2355 973 2418 dominum
996 2368 1139 2419 nostrum
1162 2370 1196 2419 et
1218 2355 1365 2441 proprius
1387 2378 1475 2420 emor
1499 2358 1592 2443 pacis

341 2457 523 2521 stimulavit
544 2470 575 2519 et
599 2480 657 2519 nos
679 2456 823 2519 consiliis
846 2457 964 2520 nostris
985 2456 1180 2528 induximus,
1203 2473 1241 2519 ut
1262 2457 1295 2520 in
1318 2456 1407 2520 illam
1423 2480 1488 2521 non
1505 2458 1593 2523 diffi-

340 2558 445 2621 culter
478 2558 520 2621 sit
553 2556 754 2635 adsensurus,
788 2557 913 2620 etiarnsi
947 2580 981 2621 se
1015 2556 1168 2621 obtulerit
1195 2557 1279 2621 inter
1307 2557 1378 2644 ipss
1400 2578 1502 2638 arma3
1526 2560 1592 2625 hoc

342 2681 418 2722 vero
440 2659 636 2722 detestamur
658 2656 800 2744 quidem,
824 2657 879 2722 sed
902 2657 1003 2721 veluti
1027 2657 1241 2721 necessarium
1265 2681 1330 2721 non
1353 2659 1546 2744 refugimus.

426 2760 475 2822 De
498 2780 647 2823 successu
673 2757 758 2835 belli,
781 2759 837 2844 qui
860 2772 909 2822 est
930 2759 965 2822 in
987 2759 1085 2822 solius
1110 2758 1169 2821 Dei
1193 2779 1298 2835 manu,
1319 2758 1401 2822 nihil
1418 2782 1593 2845 possumus

341 2858 505 2937 adserere3
538 2859 614 2924 freti
648 2871 755 2922 tamen
783 2881 886 2922 eousoe
913 2874 1027 2924 nostrae
1050 2858 1199 2944 aequitate
1222 2881 1257 2923 ac
1281 2881 1442 2923 armorum
1465 2875 1594 2925 nostro·

341 2983 413 3025 rum
432 2959 577 3042 justicio,
601 2983 674 3024 eum
698 2960 766 3022 fore
789 2982 965 3045 speremus,
988 2974 1033 3035 ut,
1057 2961 1084 3022 si
1107 2960 1213 3023 minus
1236 2959 1354 3024 exinde
1375 2961 1469 3025 nobis
1493 2964 1592 3028 unice

342 3061 490 3147 expetita
515 3084 577 3146 pax
600 3061 766 3145 effulgeat,
784 3083 840 3122 vos
862 3060 966 3124 solum
982 3060 1050 3123 cius
1066 3059 1250 3124 disturbatae
1267 3060 1429 3146 paeniteat.
1461 3063 1594 3129 Vocant

342 3162 473 3249 quidem
509 3160 782 3247 D[0minati]ones
808 3174 919 3224 vestrae
946 3160 1038 3223 nobis
1065 3161 1098 3225 in
1122 3161 1309 3226 memoriam
1333 3162 1459 3249 aliquot-
1481 3165 1592 3230 clades

342 3278 466 3327 nostras
500 3262 636 3326 antehac
668 3261 702 3325 in
731 3261 871 3325 Livonis
893 3275 1051 3347 acceptos.
1095 3262 1248 3327 Faternur
1269 3285 1327 3326 nos
1349 3262 1507 3342 homines,
1530 3289 1593 3331 nec

342 3364 514 3450 quicquam
541 3362 673 3428 humani
703 3385 721 3425 a
747 3362 839 3425 nobis
862 3375 1013 3447 putamus
1037 3362 1193 3442 alienum3
1216 3364 1241 3427 si
1266 3377 1373 3427 tamen
1396 3364 1504 3429 clades
1526 3366 1593 3431 ille

342 3476 429 3529 recte
462 3465 708 3548 perpendantur.
738 3461 918 3526 infortunio
947 3463 1055 3548 potius
1078 3479 1195 3541 nostro,
1218 3486 1314 3549 quem
1338 3463 1453 3528 virtuti
1476 3480 1592 3530 restrae

342 3563 479 3628 adscribi
502 3565 632 3629 debent.
678 3563 834 3627 Miramur
856 3562 1128 3650 D[orninati]ones
1150 3577 1273 3630 vestras
1295 3565 1335 3629 de
1358 3566 1397 3629 iis
1420 3580 1591 3653 tantopere

343 3664 484 3750 gloriari,
518 3688 591 3727 cum
618 3665 703 3728 inter
730 3663 787 3731 lies
813 3663 899 3750 ipsos
921 3677 1011 3727 tanta
1033 3664 1206 3731 insolentia
1227 3665 1459 3752 depraedicatas
1482 3667 1591 3732 clsdes

344 3765 539 3850 Respublica
572 3782 678 3828 vestra
712 3765 815 3831 maius
842 3766 939 3831 etiarn
962 3764 1079 3829 vulnus
1103 3767 1271 3852 acceperit,
1294 3767 1398 3853 ipsam
1422 3790 1591 3855 propemo-

344 3867 420 3929 dum
454 3866 652 3951 provinciam
685 3889 758 3930 cum
785 3866 917 3930 urbibus
943 3880 977 3929 et
999 3869 1111 3931 castris
1132 3867 1324 3945 emit-tend03
1347 3868 1445 3954 quod,
1468 3869 1591 3934 conscii

345 3965 577 4031 vicissitudinis
593 3989 699 4033 rerum
716 3965 936 4039 humanarum,
953 3980 1097 4035 nontam
1114 3969 1345 4055 exprobramus
1361 3967 1592 4056 l)[ominsti]c

344 4066 438 4131 nibus
472 4068 595 4142 vestris,
623 4090 717 4152 quem
744 4068 777 4130 in
800 4068 987 4133 memoriam
1010 4091 1209 4147 revocamus,
1230 4091 1271 4135 ne
1294 4091 1336 4135 ex
1357 4092 1423 4133 uno
1446 4070 1590 4136 alterove

345 4167 422 4231 belli
458 4181 530 4232 actu
565 4179 715 4231 eventurn
746 4169 847 4231 totius
875 4185 930 4231 aut
952 4191 1055 4233 causae
1074 4169 1240 4251 justiciam
1263 4170 1454 4247 metiemini,
1478 4172 1540 4239 rel.
1563 4172 1591 4236 si

345 4268 464 4344 velitis,
494 4280 531 4331 ut
552 4267 629 4331 inde
653 4268 859 4353 dignoscatis,
881 4268 1065 4353 nequitatem
1084 4269 1167 4353 juris
1189 4284 1223 4335 et
1245 4269 1349 4337 divini
1370 4273 1516 4335 numinis
1538 4273 1591 4337 be·

345 4368 538 4453 nignitatem
561 4390 618 4453 pro
640 4391 736 4431 causa
758 4382 867 4435 nostro
888 4369 1027 4439 stetisse.

431 4468 578 4552 Denique
620 4467 894 4554 l)[ominsti]ones
923 4461 1049 4534 'vestre
1090 4469 1240 4537 videntur
1280 4471 1424 4549 innuere,
1464 4473 1590 4560 Regem

346 4581 487 4633 vestrum
523 4569 655 4633 Vilnsm
688 4583 859 4635 venturum
891 4593 1000 4637 mense
1035 4570 1224 4656 Septembri,
1251 4571 1391 4658 ideoque
1414 4595 1432 4636 e
1455 4596 1489 4638 re
1513 4596 1589 4651 ease,

345 4683 383 4733 ut
415 4669 446 4733 S.
480 4670 517 4737 R.
551 4669 648 4734 Mztas
681 4692 714 4733 ae
747 4670 864 4755 Rigam
894 4672 1048 4747 conferat,
1072 4694 1135 4757 quo
1158 4672 1302 4759 Regibus
1324 4672 1442 4741 nostris
1463 4675 1591 4761 inpro-
