3212 5352
320 470 382 534 172

275 661 374 725 quam
403 635 522 701 hostile
544 646 764 721 expectantes,
787 633 926 707 armarit,
951 633 1167 719 patrocinium
1190 656 1293 697 caussa
1314 632 1410 720 regias
1433 632 1529 695 inse

272 737 463 824 susceperit,
497 735 583 800 bello
616 748 650 799 at
678 734 807 800 infestis
834 733 930 798 armis
952 756 1011 798 nos
1034 732 1174 819 petierit,
1197 734 1285 798 omni
1308 754 1426 821 genere
1450 754 1530 796 con·

278 837 431 903 vitiorum
457 857 515 900 nos
541 835 744 922 prosciderit,
771 858 811 899 ne
833 835 868 899 iu
891 835 977 899 huno
998 833 1130 920 quidem
1152 834 1238 898 diem
1261 856 1404 921 unquam
1427 832 1530 898 absti-

277 962 356 1004 nens
390 936 560 1002 verborum
593 936 721 1021 injuriis
754 935 1035 1022 contumeliisque,
1069 949 1116 1013 ut,
1150 935 1212 999 nisi
1241 936 1332 1020 justo
1358 933 1420 998 hoc
1447 933 1529 997 odio

275 1053 384 1105 nostro
412 1036 655 1124 Rempublicam
678 1050 817 1101 vestram
840 1058 1116 1123 prosequeremur,
1140 1034 1354 1100 crudelissimi
1376 1033 1529 1098 omnium

275 1138 472 1217 mortalium,
502 1138 651 1225 neglecta
677 1138 764 1203 fama
786 1150 820 1202 et
841 1137 1080 1202 existimatione
1103 1150 1220 1214 nostra,
1244 1136 1358 1200 merito
1380 1133 1529 1199 habendi

273 1263 430 1306 essemus.
485 1238 579 1303 Nihil
611 1239 725 1303 fuisset
758 1237 849 1303 nobis
882 1237 1014 1326 gratius,
1044 1260 1139 1324 quam
1163 1237 1258 1302 armis
1280 1234 1528 1323 quiescentibus

275 1354 406 1428 pacatos
439 1339 617 1405 instituisse
652 1352 817 1414 tractatus,
847 1339 939 1425 isque
967 1338 1080 1403 modus
1107 1338 1147 1403 ad
1168 1351 1288 1403 metam
1310 1334 1528 1424 perveniendi

273 1454 417 1506 tentatus
441 1440 510 1524 jam
539 1462 596 1527 per
617 1462 717 1503 annos
739 1438 913 1504 duodecim
936 1451 994 1516 est,
1017 1440 1199 1526 interrupta
1220 1437 1321 1503 semel
1343 1450 1441 1523 atque
1464 1435 1530 1501 ite·

274 1565 347 1606 rum
380 1541 583 1606 induciarum
614 1540 711 1613 serie3
739 1562 850 1604 verum
873 1539 934 1604 hac
955 1539 1113 1604 facilitate
1135 1554 1244 1603 nostra
1265 1559 1405 1624 eousque
1429 1537 1529 1601 abusi

273 1643 364 1717 estis,
388 1655 434 1718 ut,
457 1642 559 1706 dilato
581 1642 622 1706 de
644 1641 697 1706 die
719 1640 753 1704 in
776 1640 873 1718 diem,
896 1641 936 1705 de
959 1663 1042 1704 anno
1064 1639 1098 1703 in
1119 1661 1239 1703 annum
1261 1638 1397 1726 negocio
1421 1639 1527 1723 pacis,

274 1742 416 1819 interim,
440 1755 477 1805 ut
500 1742 606 1829 priora
628 1757 800 1820 taceamus,
822 1743 855 1805 in
879 1742 1048 1827 postremis
1064 1739 1204 1805 comitiis
1221 1740 1345 1817 vestris,
1362 1739 1419 1803 ubi
1433 1761 1527 1802 eom·

274 1842 411 1907 missarii
445 1843 572 1908 evocari
599 1856 631 1908 et
658 1844 697 1907 de
725 1841 833 1906 futuro
856 1855 995 1907 tractatu
1018 1843 1115 1906 statui
1139 1840 1305 1918 debuerat,
1327 1854 1398 1904 tum
1421 1838 1526 1903 etiam

275 1943 315 2008 ad
348 1956 476 2009 exteros
508 1942 614 2008 missis
640 1942 856 2029 legationibus
879 1943 926 2007 ita
949 1942 1071 2020 misere,
1095 1943 1208 2007 acerbe
1231 1955 1264 2006 et
1286 1939 1526 2005 contumeliose

273 2058 345 2109 tum
379 2045 460 2123 Rex,
493 2057 564 2108 tum
590 2065 736 2129 proceres
759 2043 957 2130 Reipublicae
979 2044 1147 2108 vestraein
1170 2043 1200 2106 S.
1224 2042 1366 2107 R.M:t·is
1389 2041 1443 2127 pie
1469 2040 1526 2106 de·

273 2145 380 2210 functi
414 2144 556 2231 parentis
584 2166 705 2221 manes,
732 2144 835 2230 ipsam
858 2143 889 2208 S.
913 2145 949 2208 R.
973 2144 1086 2208 Mttenr
1109 2158 1142 2209 et
1164 2157 1264 2209 totam
1287 2156 1419 2230 gentem
1442 2141 1526 2206 Sue·

272 2245 371 2310 ticam
402 2268 460 2332 per
480 2244 631 2329 injuriam
654 2244 775 2309 invecti
798 2246 872 2323 sint,
895 2258 934 2310 ut
954 2244 1038 2309 inter
1060 2244 1179 2309 amicos
1202 2243 1323 2307 bellum
1346 2243 1443 2317 ciere,
1468 2266 1526 2307 ne·

272 2347 351 2411 dum
384 2344 524 2432 gliscens
557 2346 704 2410 odiorum
730 2346 917 2411 incendium
944 2345 1029 2410 inter
1054 2344 1303 2410 irreconciliatus
1326 2344 1436 2408 hostes
1460 2344 1525 2407 ista

273 2448 398 2512 ratione
432 2446 574 2512 excitare
608 2446 783 2532 potuerint.
836 2446 868 2510 Is
902 2446 1092 2511 vestratium
1122 2446 1258 2510 affectus
1282 2456 1377 2530 atquc
1401 2442 1524 2508 exinde

273 2560 349 2611 nata
382 2546 422 2611 de
456 2546 623 2611 voluntate
656 2547 756 2634 Regis
788 2548 888 2612 vestri
921 2571 958 2611 ac
984 2546 1181 2633 Reipublicae
1203 2545 1386 2631 desperatio
1409 2557 1523 2608 nostra

273 2646 413 2713 detrusit
446 2668 515 2725 nos,
548 2648 647 2711 etiam
680 2648 809 2727 invitos,
842 2648 877 2711 iu
910 2647 972 2713 hoc
1006 2647 1136 2725 bellum,
1170 2646 1394 2734 permovitque
1422 2643 1455 2708 S.
1484 2644 1523 2710 R.

275 2748 397 2825 Muem,
421 2761 458 2812 ut
479 2747 649 2812 Livoniam
672 2749 723 2813 sui
741 2749 824 2834 juris
846 2751 1025 2814 faceretne
1047 2748 1126 2812 belli
1147 2770 1243 2813 onera
1257 2746 1292 2810 in
1308 2745 1522 2810 Lithuanism

273 2849 471 2925 transferret,
504 2872 578 2935 quo,
612 2850 638 2913 si
672 2848 777 2913 minus
809 2848 898 2914 hisee
925 2872 982 2914 vos
1009 2850 1130 2915 moveri
1153 2848 1363 2935 contingeret,
1387 2846 1522 2910 tandem

274 2950 427 3014 vastitate
465 2947 649 3014 Lithuaniss
681 2950 772 3014 illata
804 2950 975 3014 Livonianr
1009 2963 1155 3015 tueretur
1187 2964 1220 3014 et
1251 2947 1420 3012 securitati
1455 2970 1521 3011 suae

272 3049 480 3138 prospiceret.

357 3151 429 3215 Etsi
463 3172 556 3245 vcro⁴
573 3150 603 3215 S.
635 3150 672 3214 R.
701 3152 796 3215 Mttas
818 3175 933 3239 graves
955 3174 991 3217 ac
1014 3152 1131 3217 solidas
1153 3150 1360 3216 consiliorum
1384 3173 1520 3215 snorum

273 3251 371 3316 habet
392 3254 541 3328 rationes,
564 3252 697 3337 ipsaque
720 3252 830 3316 divina
852 3253 977 3317 bonitas
999 3254 1063 3317 ists
1084 3252 1174 3317 felici
1193 3252 1349 3316 hactenus
1364 3272 1519 3315 successu

272 3351 392 3430 beavit,
426 3366 473 3432 ut,
506 3352 568 3416 nisi
603 3374 681 3438 pace
709 3353 780 3435 ipsa
802 3355 985 3429 constituta,
1009 3354 1141 3418 minime
1164 3352 1346 3417 consultum
1370 3352 1521 3416 videatur

271 3475 401 3518 cursum
424 3453 570 3518 inhibere
594 3475 754 3517 armorum
776 3467 967 3532 nostrorum,
990 3454 1064 3519 dedi
1080 3469 1188 3519 tamen
1204 3476 1342 3541 operam,
1358 3468 1519 3540 quantum

272 3554 307 3618 in
341 3576 392 3617 me
425 3554 497 3630 fuit,
531 3567 569 3618 ut
595 3552 626 3617 S.
654 3555 692 3618 R.
719 3554 842 3631 Mttem,
865 3555 1033 3620 dominum
1056 3578 1173 3632 meum,
1196 3554 1352 3618 instinctu
1376 3552 1518 3618 naturali

272 3654 318 3717 im
347 3677 456 3739 pacem
483 3655 745 3740 propendentem,
772 3655 935 3722 flecterem
958 3656 1071 3743 magis,
1094 3679 1226 3742 remque
1248 3653 1379 3719 tandem
1402 3677 1442 3719 eo
1465 3653 1519 3718 de·

270 3754 363 3831 duxi,
396 3769 433 3819 ut
465 3754 505 3818 de
538 3756 748 3841 suspensione
782 3779 941 3821 armorum
971 3758 1070 3843 saquis
1098 3757 1227 3821 auribus
1249 3755 1372 3842 ceperit
1395 3755 1517 3819 audire.

273 3855 394 3920 Verum
419 3878 492 3919 curn
514 3869 668 3942 perpetua
691 3869 886 3922 tractatuum
909 3857 1105 3923 incertitudo
1127 3873 1159 3921 et
1183 3858 1222 3921 de
1245 3856 1376 3920 illorum
1395 3868 1517 3920 eventu

269 3955 466 4042 desperatio,
499 3956 632 4020 maximi
666 3957 805 4044 denique
839 3972 987 4045 sumptus
1020 3959 1055 4022 in
1088 3957 1225 4022 militem
1255 3956 1334 4020 facti
1361 3969 1461 4041 atque
1484 3955 1517 4019 id

272 4079 375 4144 genus
403 4057 466 4120 alia
488 4057 555 4122 haec
577 4057 712 4122 consilia
733 4073 842 4123 nostra
864 4081 927 4123 non
950 4082 1062 4145 parum
1084 4071 1286 4123 remorentur
1308 4056 1517 4144 animumque

271 4158 303 4221 S.
326 4158 364 4222 R.
389 4158 477 4222 Mztis
499 4159 673 4243 ancipitem
696 4159 840 4236 reddant,
863 4159 968 4224 visum
992 4173 1041 4225 est
1063 4182 1080 4224 e
1101 4183 1144 4237 re,
1163 4172 1200 4222 ut
1216 4158 1415 4223 Secretarius
1432 4157 1463 4221 S.
1480 4158 1517 4222 R.

272 4259 361 4322 Mais
383 4259 640 4324 consultissimus
663 4260 811 4324 dominus
833 4260 948 4324 doctor
966 4259 1132 4325 iohannes
1152 4259 1278 4324 Salvius
1294 4260 1332 4324 ad
1349 4258 1471 4325 lllzrem
1486 4272 1517 4323 et

273 4358 434 4445 Magrcam
467 4360 604 4425 D=onem
638 4376 777 4425 vestram
811 4362 1002 4438 mitteretur,
1035 4384 1099 4448 quo
1132 4374 1164 4426 et
1192 4372 1394 4445 potestatem,
1419 4384 1516 4447 quam

270 4459 424 4523 obtinetis
447 4461 741 4547 suspendendorum
765 4485 924 4527 armorum
948 4474 982 4526 et
1004 4484 1062 4525 nos
1084 4461 1117 4526 in
1140 4463 1287 4526 futurum
1308 4461 1516 4526 adsecurandi

272 4572 338 4623 tam
372 4561 412 4624 de
441 4562 530 4643 justo
563 4576 713 4641 tractatu,
746 4584 842 4648 quam
876 4563 908 4627 id
938 4576 1101 4627 servatum
1123 4562 1172 4640 iri,
1196 4560 1281 4648 quod
1305 4562 1515 4647 promittitur,

270 4674 456 4748 cognoseat,
480 4675 513 4725 et
534 4661 629 4725 simul
652 4662 825 4751 intelligat,
849 4663 1010 4748 quomodo
1025 4662 1269 4727 difficultatibus
1285 4661 1408 4728 caeteris
1421 4662 1514 4727 Ill:ria
