3314 5362
368 456 430 521 108

324 750 377 805 58.
426 748 496 829 ΤΗΙ
522 750 677 808 Gothard
696 751 870 808 Johennes
893 765 960 808 son
982 752 1247 808 'rissenheusem

864 852 988 920 uteret
1008 852 1066 909 rid
1086 855 1245 922 Keggnm
1266 852 1301 909 d.
1321 853 1363 908 10
1384 851 1462 909 sun
1484 853 1580 909 less.

326 1048 437 1098 Uttalar
463 1048 505 1098 sin
533 1049 628 1113 gladie
651 1050 729 1099 otrer
746 1050 816 1099 hans
833 1050 1025 1111 meddelsndc,
1043 1055 1086 1100 att
1104 1050 1138 1099 de
1156 1051 1253 1114 polske
1271 1051 1519 1101 kommtssarierns
1536 1066 1580 1101 er·

409 1132 494 1183 hallu
516 1134 680 1183 tollmakter
702 1130 746 1183 ull
768 1134 1071 1199 trsdsitrhsndlingem
1088 1134 1209 1184 torculur
1226 1135 1270 1184 for
1288 1135 1383 1185 deesse
1401 1136 1579 1199 granskning

410 1222 451 1267 ett
477 1218 683 1267 summantrttde
707 1218 892 1280 nagonstsdes
915 1219 961 1267 vid
984 1219 1065 1267 Dtlna
1083 1219 1113 1268 at
1130 1219 1232 1268 ombud
1250 1219 1313 1269 han
1331 1222 1408 1268 dmse
1425 1219 1505 1268 sidon
1522 1220 1578 1269 och

409 1301 502 1350 lorrar
527 1300 585 1363 leid
611 1302 655 1351 tor
683 1301 717 1350 de
739 1301 843 1366 polske.
879 1284 973 1353 dsksd
991 1301 1159 1365 rapenhrlla
1176 1302 1268 1352 kunde
1287 1303 1414 1353 diremot
1431 1302 1456 1364 ej
1477 1303 1579 1353 videre

410 1383 537 1446 beviljas,
555 1390 622 1434 ends
638 1384 786 1447 konungen
805 1401 841 1436 nu
860 1387 939 1436 stude
958 1386 1147 1450 tardigrustad
1166 1392 1209 1436 att
1226 1387 1394 1449 irsmtrlnga
1412 1387 1484 1436 fred.

552 1513 726 1602 Magnifice
749 1528 783 1580 et
804 1514 965 1580 Generose
989 1515 1128 1580 Domine
1151 1516 1343 1581 Castellane.

411 1630 546 1696 Utinam
579 1654 649 1696 eam
682 1645 823 1696 mentem
852 1632 940 1696 Deus
967 1633 1102 1720 inspiret
1125 1633 1207 1721 Regi
1230 1656 1266 1698 ec
1289 1634 1477 1719 proceribus
1500 1634 1577 1699 Rei·

328 1731 467 1817 publicoe
500 1745 622 1808 vestre,
655 1745 692 1796 ut
717 1732 787 1796 orbi
809 1733 886 1797 huic
909 1733 1153 1821 septentrionali
1171 1736 1292 1818 justum
1315 1734 1459 1820 quietem
1481 1757 1576 1800 suam

326 1855 391 1896 non
423 1832 599 1909 invideant,
627 1832 684 1898 sed
710 1847 933 1920 promoveant:
961 1834 1045 1899 nihil
1066 1857 1207 1921 unquam
1230 1834 1304 1898 Saue
1326 1832 1465 1922 R[cg]iae
1489 1836 1576 1911 Mzti,

326 1933 456 1998 domino
479 1956 550 1997 meo
573 1934 836 2013 clementissimo,
859 1934 982 2021 gratius
1003 1935 1230 2021 acceptiusque
1246 1935 1434 2022 contingere
1448 1940 1574 2022 posset!

326 2034 365 2098 Id
387 2035 518 2121 quidem
541 2058 626 2099 nunc
648 2035 778 2100 ridetur
801 2036 974 2124 Magnifica
996 2049 1102 2125 vestre
1125 2035 1311 2100 Dominatio
1333 2034 1469 2100 innuere
1487 2036 1575 2101 velle

326 2135 429 2199 literis
463 2137 539 2213 suis,
568 2136 628 2200 hoc
655 2137 727 2223 ipso
750 2150 913 2203 momento
936 2137 1016 2201 mihi
1038 2137 1173 2203 redditis
1185 2138 1222 2218 ¹),
1245 2135 1453 2215 adfirmando,
1477 2137 1517 2200 sd
1541 2159 1576 2202 se

327 2235 450 2300 delatus
473 2236 571 2323 Regis
595 2259 827 2324 procerumque
848 2236 1076 2324 Reip[ublicae]
1097 2250 1209 2301 vestrae
1225 2237 1489 2324 plenipotentias,
1504 2259 1577 2322 quae

327 2336 512 2401 sufficerent
538 2337 703 2423 prsearduo
730 2337 806 2401 huic
828 2339 960 2424 negotio
983 2338 1211 2426 aggrediendo,
1234 2337 1397 2423 simulque
1417 2339 1576 2424 rogando,

326 2450 365 2501 ut
398 2460 416 2500 e
449 2437 479 2501 S.
507 2438 545 2502 R.
574 2439 653 2503 Mtte
680 2438 820 2525 aliquam
844 2461 1003 2503 armorum
1026 2439 1238 2504 cessationem
1259 2439 1481 2525 impetremus,
1504 2453 1577 2504 tum

328 2538 366 2601 ut
397 2538 560 2602 securitati
594 2552 707 2603 vestre
740 2551 900 2615 caveatur,
927 2540 1004 2603 dum
1031 2539 1070 2602 de
1094 2540 1166 2603 loco
1188 2550 1388 2625 ettempore
1410 2541 1578 2604 internos

327 2638 524 2703 constituere
557 2654 591 2703 et
623 2661 789 2704 concessae
816 2640 1066 2726 plenipotentiss
1093 2652 1207 2703 mutuo
1232 2662 1429 2726 cognoscere
1450 2639 1576 2704 licebit.

413 2738 462 2803 Ea
488 2752 576 2805 ceste
602 2740 636 2804 in
660 2763 772 2826 pacem
791 2740 914 2824 justam
936 2752 985 2804 est
1007 2740 1037 2803 S.
1061 2740 1098 2805 R.
1122 2740 1210 2804 Mztie
1232 2741 1356 2804 domini
1378 2742 1481 2805 nostri
1504 2763 1577 2827 pro·

329 2840 453 2926 pensi0,
487 2854 524 2904 ut
556 2840 776 2928 gratissimum
809 2842 964 2918 habuerit,
988 2838 1188 2906 transmissus
1211 2840 1250 2905 ad
1274 2842 1412 2906 D:onem
1434 2855 1577 2907 vestrum

329 2963 366 3003 sc
394 2940 533 3028 collegas
556 2963 624 3006 esse
643 2942 748 3025 justas
770 2954 805 3006 et
825 2942 953 3029 negocii
976 2942 1193 3029 magnitudini
1215 2942 1448 3029 respondentes
1471 2943 1577 3028 pleni·

330 3042 505 3127 potentiam
538 3041 677 3129 ideoque
711 3065 775 3128 quo
809 3066 935 3128 semper
965 3042 1001 3106 in
1028 3066 1140 3129 pacem
1163 3045 1271 3108 animo
1294 3044 1478 3130 affectoque
1498 3043 1575 3119 fuit,

328 3140 442 3206 eodem
476 3156 509 3206 ct
536 3164 650 3230 urgere
677 3156 710 3208 et
733 3166 920 3228 promovere
943 3143 1026 3208 illud
1049 3143 1130 3207 adeo
1152 3143 1292 3208 salutare
1314 3144 1488 3230 negocium
1510 3167 1576 3208 non

328 3242 471 3321 desistet,
506 3244 602 3307 modo
635 3266 703 3307 rem
729 3244 813 3307 serio
836 3244 888 3331 ogi
911 3268 929 3307 u
951 3245 1040 3330 Rege
1063 3242 1305 3331 Requepublicu
1328 3258 1436 3308 vestra
1456 3266 1575 3328 cogno-

329 3343 421 3408 verit.
477 3344 527 3409 Ne
561 3367 637 3409 vero
669 3344 703 3408 in
732 3368 846 3408 vanem
873 3366 962 3430 spem
986 3343 1081 3408 solito
1104 3366 1191 3408 more
1213 3344 1394 3423 efferamur,
1417 3356 1516 3430 atque
1540 3359 1576 3407 ut

328 3458 492 3521 tractatus,
519 3445 546 3509 si
570 3445 640 3533 quis
662 3446 790 3510 futurus
813 3457 872 3522 est,
895 3458 985 3508 tanto
1008 3445 1203 3509 acceleretur
1225 3445 1337 3532 magis,
1359 3467 1378 3508 e
1400 3468 1435 3509 re
1457 3458 1517 3521 est,
1539 3457 1576 3508 ut

329 3546 495 3631 exemplar
521 3546 745 3637 uuthogrspho
771 3546 967 3631 respondens
990 3546 1295 3632 plenipotentiarum
1317 3558 1498 3609 vestrarum
1520 3567 1575 3609 no·

329 3645 379 3710 bis
401 3647 657 3711 communicetur
679 3661 713 3712 et
735 3646 857 3711 oculari
879 3646 1074 3732 inspectioni
1095 3659 1276 3711 nostrorum
1293 3645 1462 3709 hominum
1478 3645 1574 3709 subii·

330 3746 443 3810 cietur.
488 3745 632 3832 Ideoque
654 3749 680 3811 si
705 3748 801 3812 D:oni
824 3761 937 3812 vestrae
961 3746 1048 3834 pucis
1070 3747 1181 3811 isthaec
1203 3746 1386 3834 negociatio
1408 3768 1493 3811 curae
1516 3762 1573 3821 est,

330 3860 418 3910 certo
442 3847 494 3911 die
517 3869 554 3911 ac
576 3847 648 3912 loco
670 3847 709 3912 ad
733 3849 872 3925 Dunum‚
895 3871 1033 3934 quorum
1057 3848 1222 3935 optionem
1246 3848 1340 3911 D:oni
1362 3862 1479 3912 vestrae
1500 3868 1573 3910 con-

329 3946 484 4023 cedimus,
519 3949 694 4012 commodis
727 3962 835 4013 tamen
869 3949 997 4035 utrique
1031 3960 1187 4028 nostrum,
1218 3948 1436 4035 subdelegatis
1459 3947 1572 4022 nostris

329 4071 387 4134 per
408 4046 634 4135 subdelegatos
651 4072 725 4113 suos
741 4063 889 4136 acceptas
906 4049 1155 4134 plenipotentius
1170 4048 1386 4134 inspiciendus
1402 4049 1571 4137 praebeant,

330 4172 366 4214 uc
389 4150 561 4214 earundem
585 4150 751 4235 exemplar
773 4150 1023 4215 communicent.
1060 4151 1190 4214 Etenim
1212 4149 1239 4212 si
1257 4172 1311 4214 eas
1325 4149 1571 4236 deprehenderi-

329 4272 399 4314 mus
432 4249 625 4336 rcsponderc
652 4250 867 4337 magnitudini
893 4251 1023 4338 negocii
1049 4264 1083 4315 et
1104 4250 1201 4333 simul
1225 4250 1364 4314 munitas
1387 4271 1459 4315 esse
1476 4249 1571 4335 justis

329 4350 496 4427 mandatis,
530 4362 566 4413 ut
597 4350 673 4415 inde
707 4351 833 4415 exitum
863 4351 985 4416 bonum
1008 4351 1088 4436 justi
1115 4363 1270 4415 tractatus
1294 4351 1447 4437 augurari
1469 4350 1569 4425 liceat,

330 4451 457 4527 mirum,
481 4465 635 4538 quantum
658 4450 692 4515 id
715 4450 754 4515 ad
777 4474 935 4515 summum
957 4452 1004 4516 rei
1026 4452 1189 4516 facturum
1212 4452 1263 4516 sit.

415 4589 434 4649 1)
453 4590 489 4638 At
507 4590 533 4638 d.
554 4594 584 4638 19
603 4589 662 4639 Jull
679 4605 704 4639 s.
722 4595 764 4649 at,
783 4590 878 4653 tryckt
896 4594 1019 4640 ndrmsst
1036 4591 1096 4639 fore
1116 4590 1196 4639 detta
1213 4590 1276 4639 bref
1294 4590 1380 4639 bland
1394 4591 1430 4640 de
1445 4585 1568 4649 ›Actaed

330 4676 458 4733 Litora»,
475 4673 576 4722 hsarur
594 4674 673 4724 detta
690 4676 721 4722 dr
738 4674 874 4724 hamtadt.
