<?xml version="1.0" encoding="UTF-8"?>
<!DOCTYPE html PUBLIC "-//W3C//DTD XHTML 1.0 Transitional//EN"
    "http://www.w3.org/TR/xhtml1/DTD/xhtml1-transitional.dtd">
<html xmlns="http://www.w3.org/1999/xhtml" xml:lang="en" lang="en">
 <head>
  <title>
</title>
<meta http-equiv="Content-Type" content="text/html;charset=utf-8" />
  <meta name='ocr-system' content='tesseract 3.04.00' />
  <meta name='ocr-capabilities' content='ocr_page ocr_carea ocr_par ocr_line ocrx_word'/>
</head>
<body>
  <div class='ocr_page' id='page_1' title='image "./rikskanslerenax00akadgoog_0180.png"; bbox 0 0 3314 5362; ppageno 0'>
   <div class='ocr_carea' id='block_1_1' title="bbox 359 442 420 509">
    <p class='ocr_par' dir='ltr' id='par_1_1' title="bbox 359 442 420 509">
     <span class='ocr_line' id='line_1_1' title="bbox 359 442 420 509; baseline 0 0"><span class='ocrx_word' id='word_1_1' title='bbox 359 442 420 509; x_wconf 80' lang='lat'>146</span> 
     </span>
    </p>
   </div>
   <div class='ocr_carea' id='block_1_2' title="bbox 318 614 1566 766">
    <p class='ocr_par' dir='ltr' id='par_1_2' title="bbox 318 614 1566 766">
     <span class='ocr_line' id='line_1_2' title="bbox 404 614 1566 681; baseline -0.001 -13"><span class='ocrx_word' id='word_1_2' title='bbox 404 617 575 680; x_wconf 73' lang='lat' dir='ltr'>Utaaahrtjt:</span> <span class='ocrx_word' id='word_1_3' title='bbox 602 614 732 680; x_wconf 80' lang='lat' dir='ltr'>Ill[ast]rl</span> <span class='ocrx_word' id='word_1_4' title='bbox 758 632 790 667; x_wconf 90' lang='lat' dir='ltr'>ae</span> <span class='ocrx_word' id='word_1_5' title='bbox 816 614 984 681; x_wconf 76' lang='lat' dir='ltr'>li[agnifi]co</span> <span class='ocrx_word' id='word_1_6' title='bbox 1008 617 1076 666; x_wconf 75' lang='lat' dir='ltr'>Dzao</span> <span class='ocrx_word' id='word_1_7' title='bbox 1097 617 1227 667; x_wconf 83' lang='lat' dir='ltr'>Jannaalo</span> <span class='ocrx_word' id='word_1_8' title='bbox 1246 616 1358 667; x_wconf 77' lang='lat' dir='ltr'>Skumln</span> <span class='ocrx_word' id='word_1_9' title='bbox 1377 618 1566 677; x_wconf 65' lang='lat' dir='ltr'>Thallum,</span> 
     </span>
     <span class='ocr_line' id='line_1_3' title="bbox 318 697 1564 766; baseline 0.001 -15"><span class='ocrx_word' id='word_1_10' title='bbox 318 701 445 751; x_wconf 80' lang='lat' dir='ltr'>Palatino</span> <span class='ocrx_word' id='word_1_11' title='bbox 463 697 693 764; x_wconf 81' lang='lat' dir='ltr'>Maalalar[lanai],</span> <span class='ocrx_word' id='word_1_12' title='bbox 712 698 929 764; x_wconf 85' lang='lat' dir='ltr'>Braalar[lanai],</span> <span class='ocrx_word' id='word_1_13' title='bbox 946 697 1156 764; x_wconf 61' lang='lat' dir='ltr'>Jurbordena}</span> <span class='ocrx_word' id='word_1_14' title='bbox 1174 701 1357 751; x_wconf 85' lang='lat' dir='ltr'>Nororolenai</span> <span class='ocrx_word' id='word_1_15' title='bbox 1374 698 1564 766; x_wconf 83' lang='lat' dir='ltr'>Cap[lta]nao.</span> 
     </span>
    </p>
   </div>
   <div class='ocr_carea' id='block_1_3' title="bbox 314 802 1567 1117">
    <p class='ocr_par' dir='ltr' id='par_1_3' title="bbox 314 802 1567 1117">
     <span class='ocr_line' id='line_1_4' title="bbox 401 802 1567 865; baseline 0.002 -15"><span class='ocrx_word' id='word_1_16' title='bbox 401 803 480 852; x_wconf 78' lang='lat' dir='ltr'>Eftar</span> <span class='ocrx_word' id='word_1_17' title='bbox 507 802 709 865; x_wconf 78' lang='lat' dir='ltr'>manaalrrlptet</span> <span class='ocrx_word' id='word_1_18' title='bbox 735 802 779 851; x_wconf 82' lang='lat' dir='ltr'>till</span> <span class='ocrx_word' id='word_1_19' title='bbox 806 803 841 851; x_wconf 87' lang='lat' dir='ltr'>de</span> <span class='ocrx_word' id='word_1_20' title='bbox 868 803 955 851; x_wconf 85' lang='lat' dir='ltr'>under</span> <span class='ocrx_word' id='word_1_21' title='bbox 982 802 1032 851; x_wconf 80' lang='lat' dir='ltr'>Nm</span> <span class='ocrx_word' id='word_1_22' title='bbox 1054 806 1086 850; x_wconf 79' lang='lat' dir='ltr'>ta</span> <span class='ocrx_word' id='word_1_23' title='bbox 1105 803 1271 852; x_wconf 69' lang='lat' dir='ltr'>amnamnda</span> <span class='ocrx_word' id='word_1_24' title='bbox 1291 806 1377 853; x_wconf 78' lang='lat' dir='ltr'>›Acta</span> <span class='ocrx_word' id='word_1_25' title='bbox 1394 806 1417 851; x_wconf 74' lang='lat' dir='ltr'>a</span> <span class='ocrx_word' id='word_1_26' title='bbox 1435 804 1567 864; x_wconf 76' lang='lat' dir='ltr'>Litana»,</span> 
     </span>
     <span class='ocr_line' id='line_1_5' title="bbox 314 885 1563 951; baseline -0.001 -15"><span class='ocrx_word' id='word_1_27' title='bbox 314 886 449 949; x_wconf 70' lang='lat' dir='ltr'>jamtardt</span> <span class='ocrx_word' id='word_1_28' title='bbox 470 886 533 935; x_wconf 85' lang='lat' dir='ltr'>mad</span> <span class='ocrx_word' id='word_1_29' title='bbox 556 886 704 950; x_wconf 77' lang='lat' dir='ltr'>aftrycket.</span> <span class='ocrx_word' id='word_1_30' title='bbox 740 886 751 934; x_wconf 92' lang='lat' dir='ltr'>l</span> <span class='ocrx_word' id='word_1_31' title='bbox 771 885 975 948; x_wconf 81' lang='lat' dir='ltr'>manaakrlptat</span> <span class='ocrx_word' id='word_1_32' title='bbox 992 885 1043 934; x_wconf 88' lang='lat' dir='ltr'>har</span> <span class='ocrx_word' id='word_1_33' title='bbox 1060 886 1190 935; x_wconf 78' lang='lat' dir='ltr'>kanalern</span> <span class='ocrx_word' id='word_1_34' title='bbox 1209 887 1395 951; x_wconf 74' lang='lat' dir='ltr'>agenhandigt</span> <span class='ocrx_word' id='word_1_35' title='bbox 1413 888 1491 950; x_wconf 71' lang='lat' dir='ltr'>giort</span> <span class='ocrx_word' id='word_1_36' title='bbox 1509 892 1563 935; x_wconf 72' lang='lat' dir='ltr'>rat</span> 
     </span>
     <span class='ocr_line' id='line_1_6' title="bbox 315 968 1563 1036; baseline 0.001 -18"><span class='ocrx_word' id='word_1_37' title='bbox 315 970 403 1019; x_wconf 86' lang='lat' dir='ltr'>telaer</span> <span class='ocrx_word' id='word_1_38' title='bbox 425 976 496 1019; x_wconf 85' lang='lat' dir='ltr'>aamt</span> <span class='ocrx_word' id='word_1_39' title='bbox 518 971 612 1033; x_wconf 78' lang='lat' dir='ltr'>tlllagt</span> <span class='ocrx_word' id='word_1_40' title='bbox 634 969 759 1034; x_wconf 73' lang='lat' dir='ltr'>saljanda</span> <span class='ocrx_word' id='word_1_41' title='bbox 778 969 953 1018; x_wconf 75' lang='lat' dir='ltr'>diverakrift:</span> <span class='ocrx_word' id='word_1_42' title='bbox 980 968 1144 1032; x_wconf 77' lang='lat' dir='ltr'>›Responalo</span> <span class='ocrx_word' id='word_1_43' title='bbox 1164 970 1330 1020; x_wconf 82' lang='lat' dir='ltr'>Cancellarli</span> <span class='ocrx_word' id='word_1_44' title='bbox 1350 971 1437 1036; x_wconf 79' lang='lat' dir='ltr'>Regni</span> <span class='ocrx_word' id='word_1_45' title='bbox 1456 971 1563 1020; x_wconf 76' lang='lat' dir='ltr'>Suecloe</span> 
     </span>
     <span class='ocr_line' id='line_1_7' title="bbox 315 1052 983 1117; baseline -0.004 -14"><span class='ocrx_word' id='word_1_46' title='bbox 315 1052 350 1103; x_wconf 89' lang='lat' dir='ltr'>ad</span> <span class='ocrx_word' id='word_1_47' title='bbox 369 1053 471 1117; x_wconf 80' lang='lat' dir='ltr'>primae</span> <span class='ocrx_word' id='word_1_48' title='bbox 490 1053 586 1102; x_wconf 83' lang='lat' dir='ltr'>llteraa</span> <span class='ocrx_word' id='word_1_49' title='bbox 605 1053 726 1102; x_wconf 75' lang='lat' dir='ltr'><strong>Palatini</strong></span> <span class='ocrx_word' id='word_1_50' title='bbox 744 1052 983 1102; x_wconf 74' lang='lat' dir='ltr'>Mnclslarlenalm.</span> 
     </span>
    </p>
   </div>
   <div class='ocr_carea' id='block_1_4' title="bbox 313 1460 1564 1665">
    <p class='ocr_par' dir='ltr' id='par_1_4' title="bbox 313 1460 1564 1665">
     <span class='ocr_line' id='line_1_8' title="bbox 313 1460 955 1549; baseline -0.003 0"><span class='ocrx_word' id='word_1_51' title='bbox 313 1495 365 1549; x_wconf 78' lang='lat' dir='ltr'>aa.</span> <span class='ocrx_word' id='word_1_52' title='bbox 409 1492 479 1548; x_wconf 84' lang='lat' dir='ltr'>rur</span> <span class='ocrx_word' id='word_1_53' title='bbox 500 1494 532 1548; x_wconf 82' lang='lat' dir='ltr'>J.</span> <span class='ocrx_word' id='word_1_54' title='bbox 555 1492 701 1548; x_wconf 71' lang='lat' dir='ltr'>nnumin</span> <span class='ocrx_word' id='word_1_55' title='bbox 722 1460 955 1549; x_wconf 66' lang='lat' dir='ltr'>masmanna.</span> 
     </span>
     <span class='ocr_line' id='line_1_9' title="bbox 726 1591 1564 1665; baseline 0.005 -17"><span class='ocrx_word' id='word_1_56' title='bbox 726 1593 852 1662; x_wconf 71' lang='lat' dir='ltr'>nigrat</span> <span class='ocrx_word' id='word_1_57' title='bbox 872 1591 931 1648; x_wconf 75' lang='lat' dir='ltr'>vra</span> <span class='ocrx_word' id='word_1_58' title='bbox 953 1593 1210 1650; x_wconf 63' lang='lat' dir='ltr'>medanam</span> <span class='ocrx_word' id='word_1_59' title='bbox 1233 1595 1268 1650; x_wconf 82' lang='lat' dir='ltr'>a.</span> <span class='ocrx_word' id='word_1_60' title='bbox 1290 1596 1328 1651; x_wconf 86' lang='lat' dir='ltr'>ra</span> <span class='ocrx_word' id='word_1_61' title='bbox 1350 1596 1439 1665; x_wconf 65' lang='lat' dir='ltr'>aug.</span> <span class='ocrx_word' id='word_1_62' title='bbox 1463 1598 1564 1653; x_wconf 73' lang='lat' dir='ltr'>rear.</span> 
     </span>
    </p>
   </div>
   <div class='ocr_carea' id='block_1_5' title="bbox 314 1807 1563 2289">
    <p class='ocr_par' dir='ltr' id='par_1_5' title="bbox 314 1807 1563 2289">
     <span class='ocr_line' id='line_1_10' title="bbox 314 1807 1561 1875; baseline 0.002 -17"><span class='ocrx_word' id='word_1_63' title='bbox 314 1809 382 1860; x_wconf 86' lang='lat' dir='ltr'>Srar</span> <span class='ocrx_word' id='word_1_64' title='bbox 407 1810 443 1872; x_wconf 76' lang='lat' dir='ltr'>pla</span> <span class='ocrx_word' id='word_1_65' title='bbox 469 1810 538 1858; x_wconf 82' lang='lat' dir='ltr'>hana</span> <span class='ocrx_word' id='word_1_66' title='bbox 566 1808 654 1858; x_wconf 87' lang='lat' dir='ltr'>andra</span> <span class='ocrx_word' id='word_1_67' title='bbox 680 1809 748 1857; x_wconf 85' lang='lat' dir='ltr'>bral.</span> <span class='ocrx_word' id='word_1_68' title='bbox 791 1808 1038 1871; x_wconf 72' lang='lat' dir='ltr'>Krtgsuusttndat,</span> <span class='ocrx_word' id='word_1_69' title='bbox 1060 1807 1145 1858; x_wconf 72' lang='lat' dir='ltr'>alltaa</span> <span class='ocrx_word' id='word_1_70' title='bbox 1166 1809 1249 1859; x_wconf 66' lang='lat' dir='ltr'>alren</span> <span class='ocrx_word' id='word_1_71' title='bbox 1267 1810 1386 1859; x_wconf 81' lang='lat' dir='ltr'>Poawola</span> <span class='ocrx_word' id='word_1_72' title='bbox 1403 1811 1561 1875; x_wconf 71' lang='lat' dir='ltr'>lantaring</span> 
     </span>
     <span class='ocr_line' id='line_1_11' title="bbox 398 1892 1560 1958; baseline 0 -15"><span class='ocrx_word' id='word_1_73' title='bbox 398 1894 450 1943; x_wconf 85' lang='lat' dir='ltr'>och</span> <span class='ocrx_word' id='word_1_74' title='bbox 476 1893 586 1942; x_wconf 83' lang='lat' dir='ltr'>Biraena</span> <span class='ocrx_word' id='word_1_75' title='bbox 613 1893 767 1956; x_wconf 73' lang='lat' dir='ltr'>belligrlng,</span> <span class='ocrx_word' id='word_1_76' title='bbox 792 1892 979 1954; x_wconf 76' lang='lat' dir='ltr'>lalkrattallgt</span> <span class='ocrx_word' id='word_1_77' title='bbox 1004 1892 1141 1955; x_wconf 77' lang='lat' dir='ltr'>balagade</span> <span class='ocrx_word' id='word_1_78' title='bbox 1168 1893 1219 1942; x_wconf 89' lang='lat' dir='ltr'>och</span> <span class='ocrx_word' id='word_1_79' title='bbox 1243 1894 1446 1957; x_wconf 77' lang='lat' dir='ltr'>lramtrlngada</span> <span class='ocrx_word' id='word_1_80' title='bbox 1466 1895 1496 1943; x_wconf 82' lang='lat' dir='ltr'>at</span> <span class='ocrx_word' id='word_1_81' title='bbox 1513 1910 1560 1958; x_wconf 86' lang='lat' dir='ltr'>po·</span> 
     </span>
     <span class='ocr_line' id='line_1_12' title="bbox 396 1976 1562 2040; baseline -0.003 -11"><span class='ocrx_word' id='word_1_82' title='bbox 396 1979 543 2029; x_wconf 85' lang='lat' dir='ltr'>lackarnaa</span> <span class='ocrx_word' id='word_1_83' title='bbox 562 1976 701 2039; x_wconf 65' lang='lat' dir='ltr'>hallnlnffl</span> <span class='ocrx_word' id='word_1_84' title='bbox 720 1980 763 2025; x_wconf 85' lang='lat' dir='ltr'>att</span> <span class='ocrx_word' id='word_1_85' title='bbox 781 1976 986 2026; x_wconf 76' lang='lat' dir='ltr'>stillestandats</span> <span class='ocrx_word' id='word_1_86' title='bbox 1004 1978 1178 2040; x_wconf 68' lang='lat' dir='ltr'>nppsagnlng</span> <span class='ocrx_word' id='word_1_87' title='bbox 1194 1977 1342 2038; x_wconf 67' lang='lat' dir='ltr'>sarsenata,</span> <span class='ocrx_word' id='word_1_88' title='bbox 1360 1991 1426 2026; x_wconf 83' lang='lat' dir='ltr'>rore</span> <span class='ocrx_word' id='word_1_89' title='bbox 1441 1976 1468 2040; x_wconf 83' lang='lat' dir='ltr'>ej</span> <span class='ocrx_word' id='word_1_90' title='bbox 1481 1992 1562 2027; x_wconf 82' lang='lat' dir='ltr'>areu·</span> 
     </span>
     <span class='ocr_line' id='line_1_13' title="bbox 397 2058 1560 2123; baseline 0 -12"><span class='ocrx_word' id='word_1_91' title='bbox 397 2063 509 2112; x_wconf 83' lang='lat' dir='ltr'>akaraca</span> <span class='ocrx_word' id='word_1_92' title='bbox 536 2061 584 2110; x_wconf 80' lang='lat' dir='ltr'>fel.</span> <span class='ocrx_word' id='word_1_93' title='bbox 620 2060 720 2123; x_wconf 80' lang='lat' dir='ltr'>Krlget</span> <span class='ocrx_word' id='word_1_94' title='bbox 745 2060 831 2109; x_wconf 88' lang='lat' dir='ltr'>harde</span> <span class='ocrx_word' id='word_1_95' title='bbox 859 2060 931 2109; x_wconf 82' lang='lat' dir='ltr'>dock</span> <span class='ocrx_word' id='word_1_96' title='bbox 958 2058 982 2122; x_wconf 83' lang='lat' dir='ltr'>ej</span> <span class='ocrx_word' id='word_1_97' title='bbox 1010 2059 1112 2108; x_wconf 86' lang='lat' dir='ltr'>hludra</span> <span class='ocrx_word' id='word_1_98' title='bbox 1134 2059 1390 2121; x_wconf 75' lang='lat' dir='ltr'>iarhaudllngarna.</span> <span class='ocrx_word' id='word_1_99' title='bbox 1428 2062 1560 2111; x_wconf 67' lang='lat' dir='ltr'>Fdreallr</span> 
     </span>
     <span class='ocr_line' id='line_1_14' title="bbox 396 2142 1563 2207; baseline 0.002 -12"><span class='ocrx_word' id='word_1_100' title='bbox 396 2147 559 2207; x_wconf 70' lang='lat' dir='ltr'>mateaplats</span> <span class='ocrx_word' id='word_1_101' title='bbox 586 2145 688 2195; x_wconf 86' lang='lat' dir='ltr'>mellan</span> <span class='ocrx_word' id='word_1_102' title='bbox 716 2144 783 2207; x_wconf 76' lang='lat' dir='ltr'>llige</span> <span class='ocrx_word' id='word_1_103' title='bbox 809 2144 858 2192; x_wconf 87' lang='lat' dir='ltr'>ach</span> <span class='ocrx_word' id='word_1_104' title='bbox 884 2144 970 2192; x_wconf 82' lang='lat' dir='ltr'>Mltaa</span> <span class='ocrx_word' id='word_1_105' title='bbox 989 2143 1034 2192; x_wconf 75' lang='lat' dir='ltr'>tbr</span> <span class='ocrx_word' id='word_1_106' title='bbox 1051 2142 1296 2193; x_wconf 77' lang='lat' dir='ltr'>andethandlarne</span> <span class='ocrx_word' id='word_1_107' title='bbox 1314 2149 1387 2194; x_wconf 79' lang='lat' dir='ltr'>namt</span> <span class='ocrx_word' id='word_1_108' title='bbox 1403 2145 1563 2207; x_wconf 83' lang='lat' dir='ltr'>konrajana</span> 
     </span>
     <span class='ocr_line' id='line_1_15' title="bbox 396 2227 1209 2289; baseline -0.005 -10"><span class='ocrx_word' id='word_1_109' title='bbox 396 2229 508 2289; x_wconf 83' lang='lat' dir='ltr'>atorlak,</span> <span class='ocrx_word' id='word_1_110' title='bbox 528 2242 589 2278; x_wconf 85' lang='lat' dir='ltr'>men</span> <span class='ocrx_word' id='word_1_111' title='bbox 608 2230 715 2278; x_wconf 71' lang='lat' dir='ltr'>lamnar</span> <span class='ocrx_word' id='word_1_112' title='bbox 733 2229 763 2277; x_wconf 79' lang='lat' dir='ltr'>at</span> <span class='ocrx_word' id='word_1_113' title='bbox 782 2228 807 2276; x_wconf 85' lang='lat' dir='ltr'>S.</span> <span class='ocrx_word' id='word_1_114' title='bbox 826 2233 868 2276; x_wconf 88' lang='lat' dir='ltr'>att</span> <span class='ocrx_word' id='word_1_115' title='bbox 887 2229 1039 2277; x_wconf 69' lang='lat' dir='ltr'>beatamma</span> <span class='ocrx_word' id='word_1_116' title='bbox 1056 2227 1209 2289; x_wconf 63' lang='lat' dir='ltr'>materam.</span> 
     </span>
    </p>
   </div>
   <div class='ocr_carea' id='block_1_6' title="bbox 313 2354 1560 2644">
    <p class='ocr_par' dir='ltr' id='par_1_6' title="bbox 313 2354 1560 2644">
     <span class='ocr_line' id='line_1_16' title="bbox 397 2354 1557 2445; baseline 0.001 -23"><span class='ocrx_word' id='word_1_117' title='bbox 397 2359 520 2445; x_wconf 82' lang='lat' dir='ltr'>Accepi</span> <span class='ocrx_word' id='word_1_118' title='bbox 540 2358 608 2443; x_wconf 90' lang='lat' dir='ltr'>jam</span> <span class='ocrx_word' id='word_1_119' title='bbox 625 2359 745 2423; x_wconf 89' lang='lat' dir='ltr'>dudum</span> <span class='ocrx_word' id='word_1_120' title='bbox 758 2356 867 2422; x_wconf 79' lang='lat' dir='ltr'>literae</span> <span class='ocrx_word' id='word_1_121' title='bbox 879 2354 1045 2442; x_wconf 85' lang='lat' dir='ltr'>lll[uat]ria</span> <span class='ocrx_word' id='word_1_122' title='bbox 1057 2381 1092 2420; x_wconf 93' lang='lat' dir='ltr'>ac</span> <span class='ocrx_word' id='word_1_123' title='bbox 1107 2355 1313 2444; x_wconf 83' lang='lat' dir='ltr'>lll[aguili]cae</span> <span class='ocrx_word' id='word_1_124' title='bbox 1326 2356 1557 2445; x_wconf 83' lang='lat' dir='ltr'>D[ominat]i0·</span> 
     </span>
     <span class='ocr_line' id='line_1_17' title="bbox 313 2457 1560 2546; baseline 0.001 -23"><span class='ocrx_word' id='word_1_125' title='bbox 313 2459 362 2523; x_wconf 85' lang='lat' dir='ltr'>nia</span> <span class='ocrx_word' id='word_1_126' title='bbox 395 2473 518 2533; x_wconf 76' lang='lat' dir='ltr'>vestra,</span> <span class='ocrx_word' id='word_1_127' title='bbox 552 2460 664 2523; x_wconf 82' lang='lat' dir='ltr'>missas</span> <span class='ocrx_word' id='word_1_128' title='bbox 698 2482 753 2544; x_wconf 90' lang='lat' dir='ltr'>per</span> <span class='ocrx_word' id='word_1_129' title='bbox 785 2458 989 2544; x_wconf 79' lang='lat' dir='ltr'>capitaneum</span> <span class='ocrx_word' id='word_1_130' title='bbox 1025 2457 1203 2522; x_wconf 78' lang='lat' dir='ltr'>Biraenaem</span> <span class='ocrx_word' id='word_1_131' title='bbox 1215 2459 1252 2539; x_wconf 88' lang='lat'>¹),</span> <span class='ocrx_word' id='word_1_132' title='bbox 1285 2472 1318 2522; x_wconf 89' lang='lat' dir='ltr'>et</span> <span class='ocrx_word' id='word_1_133' title='bbox 1344 2459 1494 2546; x_wconf 81' lang='lat' dir='ltr'>rescripsi</span> <span class='ocrx_word' id='word_1_134' title='bbox 1517 2461 1560 2524; x_wconf 84' lang='lat' dir='ltr'>de</span> 
     </span>
     <span class='ocr_line' id='line_1_18' title="bbox 313 2558 1072 2644; baseline -0.003 -21"><span class='ocrx_word' id='word_1_135' title='bbox 313 2560 469 2633; x_wconf 81' lang='lat' dir='ltr'>omnibus,</span> <span class='ocrx_word' id='word_1_136' title='bbox 491 2584 551 2623; x_wconf 88' lang='lat' dir='ltr'>nec</span> <span class='ocrx_word' id='word_1_137' title='bbox 574 2573 623 2624; x_wconf 84' lang='lat' dir='ltr'>cat</span> <span class='ocrx_word' id='word_1_138' title='bbox 646 2560 728 2644; x_wconf 91' lang='lat' dir='ltr'>quod</span> <span class='ocrx_word' id='word_1_139' title='bbox 752 2558 818 2622; x_wconf 86' lang='lat' dir='ltr'>illia</span> <span class='ocrx_word' id='word_1_140' title='bbox 840 2580 924 2621; x_wconf 90' lang='lat' dir='ltr'>nunc</span> <span class='ocrx_word' id='word_1_141' title='bbox 948 2558 1072 2621; x_wconf 87' lang='lat' dir='ltr'>addam.</span> 
     </span>
    </p>
   </div>
   <div class='ocr_carea' id='block_1_7' title="bbox 308 2657 1558 4458">
    <p class='ocr_par' dir='ltr' id='par_1_7' title="bbox 308 2657 1558 4156">
     <span class='ocr_line' id='line_1_19' title="bbox 314 2657 1558 2746; baseline 0 -22"><span class='ocrx_word' id='word_1_142' title='bbox 314 2672 318 2680; x_wconf 89' lang='lat'><em>&#39;</em></span> <span class='ocrx_word' id='word_1_143' title='bbox 397 2659 489 2724; x_wconf 83' lang='lat' dir='ltr'>Nihil</span> <span class='ocrx_word' id='word_1_144' title='bbox 512 2683 586 2723; x_wconf 87' lang='lat' dir='ltr'>vera</span> <span class='ocrx_word' id='word_1_145' title='bbox 609 2659 713 2723; x_wconf 85' lang='lat' dir='ltr'>miuus</span> <span class='ocrx_word' id='word_1_146' title='bbox 736 2657 956 2745; x_wconf 74' lang='lat' dir='ltr'>expectabam,</span> <span class='ocrx_word' id='word_1_147' title='bbox 980 2682 1074 2745; x_wconf 90' lang='lat' dir='ltr'>quam</span> <span class='ocrx_word' id='word_1_148' title='bbox 1097 2658 1215 2723; x_wconf 79' lang='lat' dir='ltr'>Illuem</span> <span class='ocrx_word' id='word_1_149' title='bbox 1239 2682 1275 2722; x_wconf 90' lang='lat' dir='ltr'>ac</span> <span class='ocrx_word' id='word_1_150' title='bbox 1299 2660 1456 2746; x_wconf 76' lang='lat' dir='ltr'>Magzcam</span> <span class='ocrx_word' id='word_1_151' title='bbox 1480 2660 1558 2724; x_wconf 79' lang='lat' dir='ltr'><strong>Dzo·</strong></span> 
     </span>
     <span class='ocr_line' id='line_1_20' title="bbox 311 2758 1557 2839; baseline 0.001 -15"><span class='ocrx_word' id='word_1_152' title='bbox 311 2783 384 2824; x_wconf 87' lang='lat' dir='ltr'>nem</span> <span class='ocrx_word' id='word_1_153' title='bbox 418 2774 554 2825; x_wconf 84' lang='lat' dir='ltr'>vestram</span> <span class='ocrx_word' id='word_1_154' title='bbox 589 2760 677 2824; x_wconf 81' lang='lat' dir='ltr'>hiacc</span> <span class='ocrx_word' id='word_1_155' title='bbox 711 2782 796 2823; x_wconf 90' lang='lat' dir='ltr'>nunc</span> <span class='ocrx_word' id='word_1_156' title='bbox 822 2758 957 2823; x_wconf 71' lang='lat' dir='ltr'>redditis</span> <span class='ocrx_word' id='word_1_157' title='bbox 985 2759 1087 2824; x_wconf 88' lang='lat' dir='ltr'>literia</span> <span class='ocrx_word' id='word_1_158' title='bbox 1114 2760 1180 2824; x_wconf 85' lang='lat' dir='ltr'>auis</span> <span class='ocrx_word' id='word_1_159' title='bbox 1203 2773 1269 2824; x_wconf 86' lang='lat' dir='ltr'>tam</span> <span class='ocrx_word' id='word_1_160' title='bbox 1293 2761 1404 2825; x_wconf 81' lang='lat' dir='ltr'>acerbe</span> <span class='ocrx_word' id='word_1_161' title='bbox 1428 2762 1462 2824; x_wconf 91' lang='lat' dir='ltr'>iu</span> <span class='ocrx_word' id='word_1_162' title='bbox 1485 2784 1557 2839; x_wconf 85' lang='lat' dir='ltr'>noa,</span> 
     </span>
     <span class='ocr_line' id='line_1_21' title="bbox 312 2859 1556 2948; baseline 0 -23"><span class='ocrx_word' id='word_1_163' title='bbox 312 2861 393 2925; x_wconf 87' lang='lat' dir='ltr'>nihil</span> <span class='ocrx_word' id='word_1_164' title='bbox 427 2861 533 2925; x_wconf 84' lang='lat' dir='ltr'>minua</span> <span class='ocrx_word' id='word_1_165' title='bbox 567 2861 705 2937; x_wconf 81' lang='lat' dir='ltr'>meritos,</span> <span class='ocrx_word' id='word_1_166' title='bbox 739 2861 849 2924; x_wconf 84' lang='lat' dir='ltr'>invehi</span> <span class='ocrx_word' id='word_1_167' title='bbox 877 2859 973 2939; x_wconf 86' lang='lat' dir='ltr'>velle,</span> <span class='ocrx_word' id='word_1_168' title='bbox 1002 2873 1039 2924; x_wconf 89' lang='lat' dir='ltr'>ut</span> <span class='ocrx_word' id='word_1_169' title='bbox 1060 2861 1182 2924; x_wconf 88' lang='lat' dir='ltr'>cladem</span> <span class='ocrx_word' id='word_1_170' title='bbox 1206 2860 1364 2925; x_wconf 81' lang='lat' dir='ltr'>Poavoliae</span> <span class='ocrx_word' id='word_1_171' title='bbox 1387 2874 1556 2948; x_wconf 80' lang='lat' dir='ltr'>acceptam</span> 
     </span>
     <span class='ocr_line' id='line_1_22' title="bbox 311 2961 1558 3048; baseline 0.001 -23"><span class='ocrx_word' id='word_1_172' title='bbox 311 2962 441 3046; x_wconf 83' lang='lat' dir='ltr'>injuste,</span> <span class='ocrx_word' id='word_1_173' title='bbox 465 2976 576 3026; x_wconf 86' lang='lat' dir='ltr'>contra</span> <span class='ocrx_word' id='word_1_174' title='bbox 593 2963 667 3046; x_wconf 82' lang='lat' dir='ltr'>jura</span> <span class='ocrx_word' id='word_1_175' title='bbox 688 2961 845 3048; x_wconf 81' lang='lat' dir='ltr'>gentium,</span> <span class='ocrx_word' id='word_1_176' title='bbox 867 2962 998 3025; x_wconf 84' lang='lat' dir='ltr'>violatia</span> <span class='ocrx_word' id='word_1_177' title='bbox 1015 2961 1116 3046; x_wconf 79' lang='lat' dir='ltr'>pactis</span> <span class='ocrx_word' id='word_1_178' title='bbox 1132 2975 1165 3025; x_wconf 86' lang='lat' dir='ltr'>et</span> <span class='ocrx_word' id='word_1_179' title='bbox 1179 2984 1242 3024; x_wconf 91' lang='lat' dir='ltr'>non</span> <span class='ocrx_word' id='word_1_180' title='bbox 1259 2962 1452 3026; x_wconf 84' lang='lat' dir='ltr'>denunciato</span> <span class='ocrx_word' id='word_1_181' title='bbox 1468 2961 1558 3026; x_wconf 85' lang='lat' dir='ltr'>bella</span> 
     </span>
     <span class='ocr_line' id='line_1_23' title="bbox 310 3060 1557 3150; baseline -0.002 -22"><span class='ocrx_word' id='word_1_182' title='bbox 310 3064 536 3150; x_wconf 65' lang='lat' dir='ltr'>praemissaque</span> <span class='ocrx_word' id='word_1_183' title='bbox 569 3062 789 3149; x_wconf 80' lang='lat' dir='ltr'>clarigatione,</span> <span class='ocrx_word' id='word_1_184' title='bbox 813 3061 915 3147; x_wconf 84' lang='lat' dir='ltr'>ruptis</span> <span class='ocrx_word' id='word_1_185' title='bbox 938 3062 1078 3126; x_wconf 81' lang='lat' dir='ltr'>induciis</span> <span class='ocrx_word' id='word_1_186' title='bbox 1100 3060 1225 3125; x_wconf 87' lang='lat' dir='ltr'>illatam</span> <span class='ocrx_word' id='word_1_187' title='bbox 1248 3062 1450 3126; x_wconf 87' lang='lat' dir='ltr'>confidenter</span> <span class='ocrx_word' id='word_1_188' title='bbox 1471 3086 1557 3127; x_wconf 82' lang='lat' dir='ltr'>aase-</span> 
     </span>
     <span class='ocr_line' id='line_1_24' title="bbox 309 3162 1557 3250; baseline 0.002 -25"><span class='ocrx_word' id='word_1_189' title='bbox 309 3178 410 3239; x_wconf 85' lang='lat' dir='ltr'>veret,</span> <span class='ocrx_word' id='word_1_190' title='bbox 445 3178 541 3250; x_wconf 88' lang='lat' dir='ltr'>atque</span> <span class='ocrx_word' id='word_1_191' title='bbox 574 3164 649 3227; x_wconf 90' lang='lat' dir='ltr'>indc</span> <span class='ocrx_word' id='word_1_192' title='bbox 677 3177 799 3250; x_wconf 85' lang='lat' dir='ltr'>arguat,</span> <span class='ocrx_word' id='word_1_193' title='bbox 827 3163 949 3226; x_wconf 85' lang='lat' dir='ltr'>animoa</span> <span class='ocrx_word' id='word_1_194' title='bbox 972 3162 1163 3226; x_wconf 76' lang='lat' dir='ltr'>nostratium</span> <span class='ocrx_word' id='word_1_195' title='bbox 1187 3187 1205 3227; x_wconf 89' lang='lat' dir='ltr'>a</span> <span class='ocrx_word' id='word_1_196' title='bbox 1227 3186 1304 3249; x_wconf 89' lang='lat' dir='ltr'>pace</span> <span class='ocrx_word' id='word_1_197' title='bbox 1328 3163 1451 3227; x_wconf 78' lang='lat' dir='ltr'>alienos</span> <span class='ocrx_word' id='word_1_198' title='bbox 1474 3186 1557 3228; x_wconf 81' lang='lat' dir='ltr'>esse.</span> 
     </span>
     <span class='ocr_line' id='line_1_25' title="bbox 310 3262 1555 3351; baseline 0 -22"><span class='ocrx_word' id='word_1_199' title='bbox 310 3265 382 3329; x_wconf 83' lang='lat' dir='ltr'>Non</span> <span class='ocrx_word' id='word_1_200' title='bbox 418 3287 544 3351; x_wconf 84' lang='lat' dir='ltr'>poaaum</span> <span class='ocrx_word' id='word_1_201' title='bbox 574 3265 651 3328; x_wconf 85' lang='lat' dir='ltr'>satia</span> <span class='ocrx_word' id='word_1_202' title='bbox 679 3263 796 3339; x_wconf 88' lang='lat' dir='ltr'>mirari,</span> <span class='ocrx_word' id='word_1_203' title='bbox 821 3262 901 3326; x_wconf 88' lang='lat' dir='ltr'>adeo</span> <span class='ocrx_word' id='word_1_204' title='bbox 924 3263 1043 3326; x_wconf 84' lang='lat' dir='ltr'>affectu</span> <span class='ocrx_word' id='word_1_205' title='bbox 1067 3263 1168 3349; x_wconf 88' lang='lat' dir='ltr'>abripi</span> <span class='ocrx_word' id='word_1_206' title='bbox 1191 3262 1310 3327; x_wconf 78' lang='lat' dir='ltr'>Illzrem</span> <span class='ocrx_word' id='word_1_207' title='bbox 1333 3287 1369 3328; x_wconf 89' lang='lat' dir='ltr'>ac</span> <span class='ocrx_word' id='word_1_208' title='bbox 1393 3263 1555 3351; x_wconf 73' lang='lat' dir='ltr'>Magtcam</span> 
     </span>
     <span class='ocr_line' id='line_1_26' title="bbox 311 3362 1556 3452; baseline -0.002 -21"><span class='ocrx_word' id='word_1_209' title='bbox 311 3367 448 3431; x_wconf 78' lang='lat' dir='ltr'>Dmnem</span> <span class='ocrx_word' id='word_1_210' title='bbox 481 3379 619 3429; x_wconf 82' lang='lat' dir='ltr'>vestram</span> <span class='ocrx_word' id='word_1_211' title='bbox 646 3365 753 3449; x_wconf 85' lang='lat' dir='ltr'>(cuius</span> <span class='ocrx_word' id='word_1_212' title='bbox 776 3362 910 3427; x_wconf 87' lang='lat' dir='ltr'>antehac</span> <span class='ocrx_word' id='word_1_213' title='bbox 933 3385 1057 3449; x_wconf 88' lang='lat' dir='ltr'>acmpar</span> <span class='ocrx_word' id='word_1_214' title='bbox 1080 3363 1159 3427; x_wconf 91' lang='lat' dir='ltr'>mihi</span> <span class='ocrx_word' id='word_1_215' title='bbox 1182 3363 1311 3428; x_wconf 88' lang='lat' dir='ltr'>laudata</span> <span class='ocrx_word' id='word_1_216' title='bbox 1334 3364 1397 3428; x_wconf 85' lang='lat' dir='ltr'>fuit</span> <span class='ocrx_word' id='word_1_217' title='bbox 1418 3366 1556 3452; x_wconf 84' lang='lat' dir='ltr'>aequitaa</span> 
     </span>
     <span class='ocr_line' id='line_1_27' title="bbox 310 3463 1556 3552; baseline 0 -22"><span class='ocrx_word' id='word_1_218' title='bbox 310 3466 406 3530; x_wconf 88' lang='lat' dir='ltr'>animi</span> <span class='ocrx_word' id='word_1_219' title='bbox 439 3481 472 3530; x_wconf 89' lang='lat' dir='ltr'>et</span> <span class='ocrx_word' id='word_1_220' title='bbox 494 3490 618 3530; x_wconf 83' lang='lat' dir='ltr'>summa</span> <span class='ocrx_word' id='word_1_221' title='bbox 640 3464 829 3547; x_wconf 81' lang='lat' dir='ltr'>dexteritas)</span> <span class='ocrx_word' id='word_1_222' title='bbox 852 3476 888 3527; x_wconf 89' lang='lat' dir='ltr'>ut</span> <span class='ocrx_word' id='word_1_223' title='bbox 910 3463 1010 3528; x_wconf 89' lang='lat' dir='ltr'>oblita</span> <span class='ocrx_word' id='word_1_224' title='bbox 1033 3465 1084 3542; x_wconf 84' lang='lat' dir='ltr'>sit,</span> <span class='ocrx_word' id='word_1_225' title='bbox 1107 3464 1228 3528; x_wconf 90' lang='lat' dir='ltr'>bellum</span> <span class='ocrx_word' id='word_1_226' title='bbox 1252 3466 1344 3529; x_wconf 87' lang='lat' dir='ltr'>nobia</span> <span class='ocrx_word' id='word_1_227' title='bbox 1367 3489 1440 3530; x_wconf 92' lang='lat' dir='ltr'>cum</span> <span class='ocrx_word' id='word_1_228' title='bbox 1465 3467 1556 3552; x_wconf 84' lang='lat' dir='ltr'>Rege</span> 
     </span>
     <span class='ocr_line' id='line_1_28' title="bbox 311 3565 1554 3653; baseline 0.001 -23"><span class='ocrx_word' id='word_1_229' title='bbox 311 3590 346 3631; x_wconf 90' lang='lat' dir='ltr'>ac</span> <span class='ocrx_word' id='word_1_230' title='bbox 379 3566 556 3653; x_wconf 84' lang='lat' dir='ltr'>Republica</span> <span class='ocrx_word' id='word_1_231' title='bbox 589 3580 694 3630; x_wconf 82' lang='lat' dir='ltr'>vestra</span> <span class='ocrx_word' id='word_1_232' title='bbox 727 3565 825 3630; x_wconf 83' lang='lat' dir='ltr'>fuisse</span> <span class='ocrx_word' id='word_1_233' title='bbox 854 3566 924 3649; x_wconf 85' lang='lat' dir='ltr'>jam</span> <span class='ocrx_word' id='word_1_234' title='bbox 958 3588 1056 3628; x_wconf 75' lang='lat' dir='ltr'>aanor</span> <span class='ocrx_word' id='word_1_235' title='bbox 1083 3565 1202 3652; x_wconf 77' lang='lat' dir='ltr'>viginti</span> <span class='ocrx_word' id='word_1_236' title='bbox 1225 3566 1376 3652; x_wconf 87' lang='lat' dir='ltr'>quinque,</span> <span class='ocrx_word' id='word_1_237' title='bbox 1399 3565 1476 3631; x_wconf 86' lang='lat' dir='ltr'>dato</span> <span class='ocrx_word' id='word_1_238' title='bbox 1498 3567 1554 3631; x_wconf 89' lang='lat' dir='ltr'>ali·</span> 
     </span>
     <span class='ocr_line' id='line_1_29' title="bbox 309 3666 1558 3754; baseline 0.001 -23"><span class='ocrx_word' id='word_1_239' title='bbox 309 3669 434 3754; x_wconf 87' lang='lat' dir='ltr'>quoties</span> <span class='ocrx_word' id='word_1_240' title='bbox 457 3668 586 3754; x_wconf 88' lang='lat' dir='ltr'>utrique</span> <span class='ocrx_word' id='word_1_241' title='bbox 609 3681 751 3731; x_wconf 86' lang='lat' dir='ltr'>nostrum</span> <span class='ocrx_word' id='word_1_242' title='bbox 775 3667 878 3754; x_wconf 80' lang='lat' dir='ltr'>magia</span> <span class='ocrx_word' id='word_1_243' title='bbox 900 3667 1077 3751; x_wconf 82' lang='lat' dir='ltr'>respirandi</span> <span class='ocrx_word' id='word_1_244' title='bbox 1102 3667 1218 3752; x_wconf 81' lang='lat' dir='ltr'>spacio,</span> <span class='ocrx_word' id='word_1_245' title='bbox 1243 3689 1339 3754; x_wconf 88' lang='lat' dir='ltr'>quam</span> <span class='ocrx_word' id='word_1_246' title='bbox 1362 3666 1447 3753; x_wconf 89' lang='lat' dir='ltr'>quod</span> <span class='ocrx_word' id='word_1_247' title='bbox 1467 3684 1558 3732; x_wconf 85' lang='lat' dir='ltr'>certa</span> 
     </span>
     <span class='ocr_line' id='line_1_30' title="bbox 310 3766 1553 3854; baseline -0.002 -21"><span class='ocrx_word' id='word_1_248' title='bbox 310 3784 343 3833; x_wconf 90' lang='lat' dir='ltr'>et</span> <span class='ocrx_word' id='word_1_249' title='bbox 376 3767 530 3832; x_wconf 84' lang='lat' dir='ltr'>durabilis</span> <span class='ocrx_word' id='word_1_250' title='bbox 564 3767 654 3854; x_wconf 87' lang='lat' dir='ltr'>quies</span> <span class='ocrx_word' id='word_1_251' title='bbox 684 3790 834 3831; x_wconf 82' lang='lat' dir='ltr'>concessa</span> <span class='ocrx_word' id='word_1_252' title='bbox 860 3766 967 3830; x_wconf 86' lang='lat' dir='ltr'>fuerit.</span> <span class='ocrx_word' id='word_1_253' title='bbox 1016 3766 1137 3830; x_wconf 79' lang='lat' dir='ltr'>Nostro</span> <span class='ocrx_word' id='word_1_254' title='bbox 1160 3781 1278 3845; x_wconf 87' lang='lat' dir='ltr'>autem,</span> <span class='ocrx_word' id='word_1_255' title='bbox 1303 3790 1341 3829; x_wconf 89' lang='lat' dir='ltr'>an</span> <span class='ocrx_word' id='word_1_256' title='bbox 1363 3769 1553 3832; x_wconf 84' lang='lat' dir='ltr'>vestratium</span> 
     </span>
     <span class='ocr_line' id='line_1_31' title="bbox 308 3866 1553 3956; baseline 0.001 -25"><span class='ocrx_word' id='word_1_257' title='bbox 308 3869 389 3933; x_wconf 85' lang='lat' dir='ltr'>vitio</span> <span class='ocrx_word' id='word_1_258' title='bbox 419 3871 508 3953; x_wconf 84' lang='lat' dir='ltr'>juata</span> <span class='ocrx_word' id='word_1_259' title='bbox 540 3866 756 3954; x_wconf 78' lang='lat' dir='ltr'>tranquillitas</span> <span class='ocrx_word' id='word_1_260' title='bbox 788 3867 876 3931; x_wconf 81' lang='lat' dir='ltr'>hisce</span> <span class='ocrx_word' id='word_1_261' title='bbox 911 3868 1018 3956; x_wconf 77' lang='lat' dir='ltr'>regnis</span> <span class='ocrx_word' id='word_1_262' title='bbox 1052 3866 1211 3954; x_wconf 82' lang='lat' dir='ltr'>denegata</span> <span class='ocrx_word' id='word_1_263' title='bbox 1243 3868 1293 3944; x_wconf 79' lang='lat' dir='ltr'>sit,</span> <span class='ocrx_word' id='word_1_264' title='bbox 1326 3868 1444 3932; x_wconf 87' lang='lat' dir='ltr'>summi</span> <span class='ocrx_word' id='word_1_265' title='bbox 1468 3870 1553 3934; x_wconf 88' lang='lat' dir='ltr'>orbia</span> 
     </span>
     <span class='ocr_line' id='line_1_32' title="bbox 309 3968 1553 4053; baseline -0.002 -19"><span class='ocrx_word' id='word_1_266' title='bbox 309 3985 463 4034; x_wconf 87' lang='lat' dir='ltr'>terrarum</span> <span class='ocrx_word' id='word_1_267' title='bbox 497 3968 607 4033; x_wconf 87' lang='lat' dir='ltr'>arbitri</span> <span class='ocrx_word' id='word_1_268' title='bbox 630 3968 790 4053; x_wconf 88' lang='lat' dir='ltr'>judicium</span> <span class='ocrx_word' id='word_1_269' title='bbox 818 3983 896 4043; x_wconf 84' lang='lat' dir='ltr'>eata,</span> <span class='ocrx_word' id='word_1_270' title='bbox 925 3983 956 4032; x_wconf 90' lang='lat' dir='ltr'>et</span> <span class='ocrx_word' id='word_1_271' title='bbox 978 3969 1004 4032; x_wconf 83' lang='lat' dir='ltr'>si</span> <span class='ocrx_word' id='word_1_272' title='bbox 1028 3992 1076 4033; x_wconf 84' lang='lat' dir='ltr'>rea</span> <span class='ocrx_word' id='word_1_273' title='bbox 1098 3969 1191 4046; x_wconf 85' lang='lat' dir='ltr'>ferat,</span> <span class='ocrx_word' id='word_1_274' title='bbox 1215 3969 1365 4032; x_wconf 90' lang='lat' dir='ltr'>auderem</span> <span class='ocrx_word' id='word_1_275' title='bbox 1389 3970 1553 4034; x_wconf 75' lang='lat' dir='ltr'>couscien-</span> 
     </span>
     <span class='ocr_line' id='line_1_33' title="bbox 309 4068 745 4156; baseline -0.007 -22"><span class='ocrx_word' id='word_1_276' title='bbox 309 4071 386 4134; x_wconf 89' lang='lat' dir='ltr'>tiam</span> <span class='ocrx_word' id='word_1_277' title='bbox 413 4084 552 4134; x_wconf 87' lang='lat' dir='ltr'>vestram</span> <span class='ocrx_word' id='word_1_278' title='bbox 575 4068 745 4156; x_wconf 85' lang='lat' dir='ltr'>adpellare.</span> 
     </span>
    </p>

    <p class='ocr_par' dir='ltr' id='par_1_8' title="bbox 308 4169 1553 4458">
     <span class='ocr_line' id='line_1_34' title="bbox 392 4169 1553 4258; baseline 0.001 -25"><span class='ocrx_word' id='word_1_279' title='bbox 392 4170 478 4249; x_wconf 86' lang='lat' dir='ltr'>Quid</span> <span class='ocrx_word' id='word_1_280' title='bbox 501 4172 602 4258; x_wconf 86' lang='lat' dir='ltr'>igitur</span> <span class='ocrx_word' id='word_1_281' title='bbox 625 4171 656 4233; x_wconf 91' lang='lat' dir='ltr'>in</span> <span class='ocrx_word' id='word_1_282' title='bbox 680 4169 771 4234; x_wconf 82' lang='lat' dir='ltr'>nobis</span> <span class='ocrx_word' id='word_1_283' title='bbox 793 4169 1002 4255; x_wconf 84' lang='lat' dir='ltr'>reprehendit</span> <span class='ocrx_word' id='word_1_284' title='bbox 1023 4169 1118 4233; x_wconf 74' lang='lat' dir='ltr'>Illtria</span> <span class='ocrx_word' id='word_1_285' title='bbox 1141 4184 1175 4234; x_wconf 90' lang='lat' dir='ltr'>et</span> <span class='ocrx_word' id='word_1_286' title='bbox 1195 4169 1319 4258; x_wconf 72' lang='lat' dir='ltr'>llagzca</span> <span class='ocrx_word' id='word_1_287' title='bbox 1336 4170 1410 4234; x_wconf 74' lang='lat' dir='ltr'>Dzio</span> <span class='ocrx_word' id='word_1_288' title='bbox 1427 4169 1553 4235; x_wconf 80' lang='lat' dir='ltr'>vestra?</span> 
     </span>
     <span class='ocr_line' id='line_1_35' title="bbox 309 4270 1550 4357; baseline 0.001 -24"><span class='ocrx_word' id='word_1_289' title='bbox 309 4271 508 4334; x_wconf 82' lang='lat' dir='ltr'>Durantibua</span> <span class='ocrx_word' id='word_1_290' title='bbox 540 4271 773 4347; x_wconf 83' lang='lat' dir='ltr'>controversiis,</span> <span class='ocrx_word' id='word_1_291' title='bbox 804 4270 907 4334; x_wconf 80' lang='lat' dir='ltr'>causis</span> <span class='ocrx_word' id='word_1_292' title='bbox 934 4270 1077 4334; x_wconf 87' lang='lat' dir='ltr'>diuturni</span> <span class='ocrx_word' id='word_1_293' title='bbox 1100 4270 1196 4334; x_wconf 82' lang='lat' dir='ltr'>huius</span> <span class='ocrx_word' id='word_1_294' title='bbox 1218 4270 1305 4347; x_wconf 90' lang='lat' dir='ltr'>belli,</span> <span class='ocrx_word' id='word_1_295' title='bbox 1329 4283 1403 4357; x_wconf 87' lang='lat' dir='ltr'>poat</span> <span class='ocrx_word' id='word_1_296' title='bbox 1425 4272 1550 4336; x_wconf 84' lang='lat' dir='ltr'>exitum</span> 
     </span>
     <span class='ocr_line' id='line_1_36' title="bbox 308 4370 1552 4458; baseline 0.002 -25"><span class='ocrx_word' id='word_1_297' title='bbox 308 4370 520 4447; x_wconf 82' lang='lat' dir='ltr'>induciarum,</span> <span class='ocrx_word' id='word_1_298' title='bbox 559 4372 727 4458; x_wconf 83' lang='lat' dir='ltr'>desperato</span> <span class='ocrx_word' id='word_1_299' title='bbox 764 4372 901 4434; x_wconf 81' lang='lat' dir='ltr'>&#39;tractatu</span> <span class='ocrx_word' id='word_1_300' title='bbox 937 4371 1034 4456; x_wconf 87' lang='lat' dir='ltr'>pacis,</span> <span class='ocrx_word' id='word_1_301' title='bbox 1067 4370 1153 4434; x_wconf 89' lang='lat' dir='ltr'>bello</span> <span class='ocrx_word' id='word_1_302' title='bbox 1186 4394 1316 4457; x_wconf 90' lang='lat' dir='ltr'>quoque</span> <span class='ocrx_word' id='word_1_303' title='bbox 1351 4394 1408 4458; x_wconf 89' lang='lat' dir='ltr'>per</span> <span class='ocrx_word' id='word_1_304' title='bbox 1443 4371 1552 4436; x_wconf 79' lang='lat' dir='ltr'>literae</span> 
     </span>
    </p>
   </div>
   <div class='ocr_carea' id='block_1_8' title="bbox 308 4573 1551 4723">
    <p class='ocr_par' dir='ltr' id='par_1_9' title="bbox 308 4573 1551 4723">
     <span class='ocr_line' id='line_1_37' title="bbox 393 4573 1551 4639; baseline 0.001 -13"><span class='ocrx_word' id='word_1_305' title='bbox 393 4575 413 4633; x_wconf 78' lang='lat'>¹)</span> <span class='ocrx_word' id='word_1_306' title='bbox 431 4578 467 4626; x_wconf 78' lang='lat' dir='ltr'>Al</span> <span class='ocrx_word' id='word_1_307' title='bbox 485 4578 510 4625; x_wconf 85' lang='lat' dir='ltr'>d.</span> <span class='ocrx_word' id='word_1_308' title='bbox 531 4580 561 4623; x_wconf 74' lang='lat'>27</span> <span class='ocrx_word' id='word_1_309' title='bbox 581 4579 648 4639; x_wconf 81' lang='lat' dir='ltr'>Aug.</span> <span class='ocrx_word' id='word_1_310' title='bbox 668 4593 691 4625; x_wconf 85' lang='lat' dir='ltr'>a.</span> <span class='ocrx_word' id='word_1_311' title='bbox 710 4580 751 4631; x_wconf 77' lang='lat' dir='ltr'>at..</span> <span class='ocrx_word' id='word_1_312' title='bbox 769 4577 864 4637; x_wconf 80' lang='lat' dir='ltr'>tryckt</span> <span class='ocrx_word' id='word_1_313' title='bbox 882 4580 1005 4625; x_wconf 70' lang='lat' dir='ltr'>aarmaat</span> <span class='ocrx_word' id='word_1_314' title='bbox 1023 4577 1082 4625; x_wconf 72' lang='lat' dir='ltr'>fara</span> <span class='ocrx_word' id='word_1_315' title='bbox 1101 4577 1180 4626; x_wconf 87' lang='lat' dir='ltr'>detta</span> <span class='ocrx_word' id='word_1_316' title='bbox 1197 4576 1260 4626; x_wconf 79' lang='lat' dir='ltr'>bref</span> <span class='ocrx_word' id='word_1_317' title='bbox 1277 4578 1363 4627; x_wconf 85' lang='lat' dir='ltr'>bland</span> <span class='ocrx_word' id='word_1_318' title='bbox 1378 4577 1413 4627; x_wconf 86' lang='lat' dir='ltr'>de</span> <span class='ocrx_word' id='word_1_319' title='bbox 1428 4573 1551 4639; x_wconf 59' lang='lat' dir='ltr'>’Actaei</span> 
     </span>
     <span class='ocr_line' id='line_1_38' title="bbox 308 4660 851 4723; baseline -0.004 -13"><span class='ocrx_word' id='word_1_320' title='bbox 308 4661 436 4723; x_wconf 74' lang='lat' dir='ltr'>Literae»,</span> <span class='ocrx_word' id='word_1_321' title='bbox 454 4663 555 4711; x_wconf 86' lang='lat' dir='ltr'>hrarar</span> <span class='ocrx_word' id='word_1_322' title='bbox 573 4660 651 4710; x_wconf 85' lang='lat' dir='ltr'>detta</span> <span class='ocrx_word' id='word_1_323' title='bbox 669 4666 699 4709; x_wconf 68' lang='lat' dir='ltr'>ar</span> <span class='ocrx_word' id='word_1_324' title='bbox 716 4661 851 4710; x_wconf 72' lang='lat' dir='ltr'>hamtadt..</span> 
     </span>
    </p>
   </div>
   <div class='ocr_carea' id='block_1_9' title="bbox 0 0 1662 5362">
    <p class='ocr_par' dir='ltr' id='par_1_10' title="bbox 0 0 1662 5362">
     <span class='ocr_line' id='line_1_39' title="bbox 0 0 1662 5362; baseline 0 2"><span class='ocrx_word' id='word_1_325' title='bbox 0 0 1662 5362; x_wconf 95' lang='lat' dir='ltr'> </span> 
     </span>
    </p>
   </div>
  </div>
 </body>
</html>
