3314 5362
381 483 423 545 80

339 648 507 713 lenociniis
541 662 573 712 et
606 648 882 735 ambiguitatibus,
913 648 1158 713 Serenissimum
1182 649 1303 735 Regem
1326 662 1471 712 nostrum
1498 649 1594 713 tituli

340 750 434 837 liegii
468 749 550 813 male
584 772 656 812 curn
690 771 790 835 regno
823 749 971 836 usurpati
1004 749 1211 824 insimulatis,
1245 772 1281 813 ao
1315 750 1341 813 si
1372 750 1457 813 Szam
1482 751 1597 836 ipsius

339 851 430 914 Rzam
463 850 575 914 Mztem
610 873 673 913 non
707 849 852 926 incitare,
886 850 942 914 sed
975 850 1136 914 retrahere
1164 873 1181 912 a
1209 850 1316 914 studio
1339 851 1596 936 tranquillitatis

339 974 396 1014 stro
424 950 641 1015 decreveritis.
691 949 822 1037 Optime
850 974 885 1014 aa
914 974 972 1036 pro
995 951 1098 1015 salute
1120 948 1233 1014 horum
1256 973 1427 1038 regnorum
1452 975 1470 1014 a
1493 953 1595 1017 nobis

339 1052 526 1139 excogitata
559 1052 658 1114 atroci
691 1052 956 1137 interpretatione
987 1051 1158 1127 invertitis,
1188 1074 1223 1114 ac
1248 1051 1394 1136 praetoria
1417 1053 1510 1138 quasi
1535 1077 1596 1116 au-

339 1152 491 1216 thoritate
533 1175 662 1215 causam
701 1152 787 1229 belli,
825 1152 965 1217 dedecus
1003 1165 1036 1216 et
1071 1151 1224 1236 injuriam
1262 1153 1355 1216 nobis
1393 1153 1591 1217 adscribitis.

339 1252 490 1317 Haeccine
524 1252 581 1316 illa
612 1252 732 1317 indicia
765 1266 850 1324 sunt,
885 1251 1159 1338 D[ominatio]nes
1192 1266 1314 1317 vestras
1347 1252 1491 1317 consiliis
1520 1255 1592 1318 suis

339 1356 461 1441 Regem
496 1377 589 1417 suum
622 1353 802 1429 induxisse,
832 1367 868 1417 ut
890 1377 953 1417 non
978 1354 1125 1418 videatur
1148 1376 1166 1417 a
1188 1354 1276 1439 pacis
1299 1367 1439 1418 tractatu
1462 1355 1597 1420 aliena?

340 1460 408 1519 Aut
430 1455 517 1519 enim
540 1455 639 1541 Regis
662 1453 760 1518 vestri
784 1455 927 1517 animum
950 1453 1032 1518 male
1054 1454 1259 1539 exploratum
1277 1454 1412 1530 habetis,
1429 1468 1487 1519 aut
1503 1455 1591 1521 hanc

340 1557 439 1620 solam
464 1554 585 1641 putatis
604 1556 737 1639 justam,
761 1577 916 1631 securam,
940 1555 1108 1619 decentem
1125 1560 1247 1639 pacem,
1264 1578 1332 1641 quae
1348 1578 1420 1618 curu
1439 1572 1595 1621 extremo

339 1657 369 1720 S.
404 1657 441 1721 R.
476 1655 564 1719 Mztis
598 1656 753 1720 dedecore
787 1654 948 1741 huiusque
975 1656 1065 1741 regni
1092 1656 1225 1719 interitu
1253 1657 1296 1720 sit
1317 1657 1503 1721 coniuncta.
1550 1658 1590 1723 Id

339 1759 418 1823 licet
443 1756 612 1821 mallemus
640 1756 768 1819 mollius
792 1756 1005 1841 interpretari,
1029 1770 1136 1820 tumen
1159 1779 1233 1820 cum
1256 1771 1289 1820 et
1311 1757 1445 1820 comitia
1469 1774 1593 1835 vestra,

340 1859 465 1945 quotics
499 1857 599 1921 nostri
633 1856 667 1920 in
700 1857 740 1920 iis
763 1855 885 1920 mantio
909 1856 955 1932 fit,
978 1871 1012 1920 et
1034 1855 1167 1920 diversae
1191 1857 1229 1920 ad
1254 1871 1380 1921 exteros
1404 1858 1594 1945 legationes

350 1960 436 2045 legis
460 1957 557 2022 vestri
580 1957 717 2021 infinitis
740 1957 862 2022 refertae
887 1957 952 2021 sint
974 1957 1098 2042 injuriis
1122 1980 1158 2020 aa
1181 1957 1385 2021 contumeliis
1408 1958 1443 2022 in
1466 1982 1592 2024 nornen

271 2070 274 2076 '
340 2060 370 2124 S.
394 2061 432 2124 R.
456 2059 544 2123 Mztis
566 2082 602 2122 ac
625 2059 733 2144 gentis
755 2071 880 2135 nostrae,
904 2081 944 2121 ne
964 2056 1168 2121 induciarum
1190 2057 1332 2143 quidem,
1348 2083 1418 2145 quae
1434 2082 1477 2123 ex
1493 2075 1592 2146 parte

339 2161 474 2248 quadam
497 2159 657 2223 debebant
680 2158 778 2245 Regis
801 2159 900 2222 vestri
917 2157 1122 2222 acerbitatem
1139 2157 1251 2235 lenire,
1267 2158 1379 2222 habita
1394 2160 1522 2225 ratione
1533 2160 1593 2245 (i),

339 2285 401 2326 non
435 2261 595 2324 immerito
629 2260 769 2323 animum
793 2273 937 2322 nostrum
960 2259 1049 2322 subit
1070 2258 1236 2345 cogitatio,
1259 2260 1317 2323 sub
1340 2259 1430 2346 pacis
1454 2262 1589 2327 nomine

340 2363 427 2427 aliud
452 2362 513 2448 agi.

423 2463 543 2524 Verum
561 2475 597 2524 ut
613 2461 821 2525 exsolvamus
836 2460 964 2523 tandem
982 2459 1040 2523 hac
1057 2484 1161 2524 rerum
1178 2461 1418 2539 incertitudine,
1435 2462 1480 2535 id,
1499 2464 1591 2549 quod

339 2562 501 2628 mensibus
524 2561 648 2648 aliquot
671 2560 788 2624 abhinc
811 2561 1008 2647 scripsimus,
1030 2561 1148 2625 iterum
1172 2577 1318 2644 repetere
1339 2585 1402 2625 nou
1421 2562 1590 2649 displicet,

340 2664 371 2727 S.
395 2663 431 2727 R.
456 2662 567 2726 litem
592 2662 789 2748 propendere
813 2662 846 2724 in
870 2684 983 2747 pacem
1007 2675 1040 2726 et
1060 2662 1245 2737 amicitiam,
1261 2662 1287 2725 si
1304 2661 1361 2725 illa
1377 2663 1461 2750 Regi
1477 2678 1593 2729 vestro

340 2788 375 2828 aa
409 2764 499 2827 vobis
533 2786 616 2825 curae
640 2776 703 2840 est3
730 2762 779 2825 sin
803 2762 918 2839 minus,
941 2785 999 2825 nec
1022 2762 1144 2826 bellurn
1163 2763 1285 2845 justum
1309 2786 1466 2827 recusare.
1512 2765 1591 2829 Erit

340 2865 524 2951 aliquandiu
558 2864 592 2926 in
619 2877 724 2926 vestra
748 2876 905 2946 potestate
929 2863 1059 2950 eligere,
1081 2875 1190 2926 utrum
1215 2863 1382 2949 placuerit:
1408 2888 1534 2950 pacem,
1559 2868 1588 2930 si

339 2965 436 3029 vultis
455 2964 553 3049 justis
576 2963 739 3048 aequisque
763 2963 1013 3041 conditionibus,
1037 2978 1070 3027 et
1092 2978 1129 3028 ut
1143 2964 1353 3028 commissarii
1368 2965 1468 3051 Regis
1485 2970 1590 3031 vestri

339 3090 374 3131 ac
413 3062 705 3152 D[ominati]onum
740 3078 916 3128 vestrarum
949 3065 1142 3150 tempestive
1175 3066 1281 3129 adsint
1314 3087 1387 3128 curn
1421 3078 1592 3152 potestate

338 3167 552 3231 conveniente
576 3188 612 3228 ao
636 3165 808 3242 mandatis;
833 3164 964 3244 bellurn,
987 3166 1065 3229 licet
1087 3165 1199 3229 invitis
1221 3165 1325 3235 nobis,
1349 3166 1375 3229 si
1400 3167 1462 3231 huc
1479 3169 1593 3255 magis

338 3266 580 3331 inclinaveritis.
636 3265 765 3329 Etenim
800 3267 971 3352 propensio
1004 3280 1112 3329 nostra
1139 3266 1178 3330 ad
1205 3267 1388 3330 evitandam
1416 3268 1593 3355 sanguinis

337 3367 504 3433 christiani
538 3367 728 3432 effusionem
763 3368 886 3444 suadet,
920 3380 957 3430 ut
983 3366 1073 3429 illam
1100 3367 1320 3452 praeferamus;
1343 3368 1485 3453 suspicio
1509 3392 1590 3433 vero

338 3494 355 3534 e
383 3470 478 3533 certis
501 3467 630 3532 iudiciis
654 3480 735 3543 nata,
759 3467 841 3531 nihil
864 3468 1031 3531 nobiscum
1055 3468 1107 3554 agi
1131 3466 1225 3546 serio,
1249 3469 1302 3531 sed
1327 3467 1433 3531 animo
1457 3481 1590 3533 tantum

338 3569 486 3634 trahendi
510 3569 720 3653 lucrandique
744 3570 908 3654 temporis,
932 3591 989 3631 nos
1011 3567 1167 3643 hortatur,
1191 3582 1227 3631 ut
1249 3568 1341 3644 illud,
1356 3569 1451 3632 modo
1467 3571 1589 3634 evitari

337 3684 486 3756 nequeat,
524 3692 588 3732 non
624 3691 815 3732 recusemus.
873 3669 1041 3733 Dabantur
1079 3668 1307 3732 Stookholmise
1340 3669 1393 3733 die
1427 3671 1469 3733 20
1505 3671 1588 3755 Maji

338 3776 436 3835 Anno
460 3771 552 3834 1625.

358 3873 495 3957 Magnus
519 3869 633 3935 Comes
656 3870 689 3933 in
715 3869 924 3956 Visingburg,
980 3870 1142 3933 Abrabam
1166 3871 1281 3935 Comes
1305 3870 1344 3934 ad
1369 3870 1590 3960 Visingburg.

438 3977 502 4038 Reg.
522 3976 626 4025 Sueclae
645 3976 845 4038 Archidaplter.

444 4056 577 4120 Carolus
601 4054 837 4141 Gyldenhielm,
1089 4054 1229 4118 Axclius
1252 4056 1478 4131 Oxeustierna,

337 4163 365 4211 L.
380 4164 450 4210 Baro
465 4165 494 4210 in
504 4162 652 4223 sesquati,
662 4160 690 4208 R.
702 4161 726 4208 S.
738 4157 942 4222 Ammlral[ins].
1135 4160 1165 4208 R.
1184 4160 1208 4209 S.
1228 4161 1425 4210 Caucallarlus.

453 4238 582 4303 Gabriel
606 4238 829 4313 Oxenstierna,
1123 4239 1290 4304 dolrunnes
1313 4240 1439 4325 Skytte,

345 4347 375 4395 L.
394 4346 423 4394 B.
443 4348 470 4394 in
491 4345 587 4406 Morby
606 4350 635 4394 et
653 4344 843 4394 Llndholmen.
863 4345 890 4393 R.
909 4345 934 4392 S.
1063 4345 1091 4393 t.
1110 4346 1138 4393 B.
1158 4348 1187 4394 ln
1205 4345 1348 4405 Dudcroli,
1366 4345 1414 4409 llq.
1435 4350 1501 4395 Aur.

549 4429 735 4478 Consillartus.

441 4507 569 4571 Gabriel
592 4506 844 4593 Oxenst[ierna]‚
1142 4510 1260 4572 Suante
1284 4509 1421 4585 Banner,

368 4615 397 4662 L.
418 4615 445 4661 R.
466 4615 494 4662 iu
513 4612 637 4662 Klmltho
656 4618 684 4662 ot
703 4614 822 4671 Toresltt,
841 4613 869 4662 R.
890 4613 914 4661 S.
1141 4614 1168 4662 R.
1188 4614 1213 4662 S.
1232 4614 1422 4665 consiliarius.

549 4697 734 4746 Conslllarlus.
