3212 5352
291 643 330 707 de
353 665 458 707 rerum
481 654 657 705 vestrarum
681 653 768 704 statu
791 639 913 726 optime
935 640 1157 705 informarent.
1201 640 1285 703 Puta
1308 638 1338 703 S.
1361 641 1398 704 R.
1421 640 1545 704 Mttem

291 743 454 828 proposito
477 765 535 805 suo
557 754 741 805 constanter
761 741 920 817 insistere,
942 754 990 817 ut,
1012 764 1086 805 curn
1103 740 1276 828 propositis
1290 739 1546 805 condicionibus

290 843 488 907 satisfactum
511 844 693 928 futuraeque
715 840 933 926 expeditionis
956 841 1049 905 firma
1068 865 1104 905 ae
1124 842 1231 906 valida
1246 840 1435 905 fundamina
1445 843 1545 926 jacta

290 944 421 1020 fuerint,
445 942 723 1007 conservationem
745 941 1047 1027 restitutionemque
1070 966 1176 1006 rerum
1199 943 1241 1006 sit
1263 942 1461 1028 adgressura.

374 1042 520 1108 Advenit
545 1044 579 1107 iu
607 1056 712 1107 castra
737 1041 828 1129 regia
849 1042 944 1106 initio
968 1042 1063 1107 huius
1087 1043 1203 1107 mentis
1226 1043 1353 1129 legatus
1375 1042 1544 1108 Ordinum

291 1145 495 1209 Generalium
518 1144 625 1231 Belgii
648 1143 740 1206 durus
763 1142 922 1228 Casparus
945 1167 963 1207 a
985 1144 1169 1230 Fosbergen
1191 1142 1234 1229 [οι
1254 1142 1464 1230 Vosbergen}
1507 1143 1546 1207 Is

289 1246 439 1332 inprimis
472 1246 586 1309 missus
620 1256 695 1319 erat,
730 1259 768 1307 ut
794 1244 934 1308 rationes
960 1244 1168 1308 consiliorum
1195 1245 1228 1307 in
1251 1265 1347 1307 causa
1367 1244 1543 1308 communi

290 1359 484 1411 mutatorum
508 1346 538 1409 S.
562 1346 599 1408 R.
623 1343 695 1409 Mzti
719 1345 903 1409 ostenderet
926 1368 962 1409 ae
985 1367 1091 1409 rerum
1116 1344 1320 1430 praesentium
1344 1358 1465 1408 statum
1483 1345 1543 1408 de·

290 1449 435 1523 clareret,
469 1462 538 1511 tum
572 1460 608 1510 ut
641 1444 671 1508 S.
706 1445 816 1509 Mztern
852 1444 891 1508 ad
924 1445 1180 1531 amplectendam
1214 1467 1322 1508 curam
1353 1446 1546 1508 eommunis

291 1572 394 1613 causae
427 1547 529 1633 magis
563 1545 724 1620 incitaret,
758 1570 794 1609 ac
828 1546 966 1632 denique
1000 1560 1037 1610 ut
1066 1547 1096 1610 S.
1124 1547 1161 1610 R.
1190 1546 1302 1609 lll:tem
1326 1546 1364 1610 ad
1387 1545 1542 1633 legatum

291 1672 383 1713 suurn
418 1648 544 1735 Hagam
579 1646 714 1710 Comitis
748 1646 952 1722 mittendum,
979 1649 1033 1733 qui
1060 1670 1135 1711 cunr
1161 1659 1341 1711 ceterorum
1364 1668 1481 1732 regum
1506 1659 1543 1710 et

292 1749 473 1835 principum
506 1746 623 1834 legatis
656 1748 696 1811 de
728 1748 844 1811 faedere
877 1763 911 1812 et
943 1771 1049 1811 rerum
1083 1749 1300 1811 communium
1328 1747 1545 1812 restitutione

292 1863 434 1938 agerent,
458 1860 668 1935 permoveret.

376 1951 493 2014 Datum
515 1948 564 2012 illi
588 1949 659 2011 loco
681 1949 824 2033 responsi
848 1960 905 2024 est,
929 1948 959 2012 S.
980 1949 1017 2012 R.
1038 1948 1150 2013 Mztem
1167 1948 1346 2034 periculum
1362 1970 1544 2014 commune

288 2053 355 2136 jam
388 2049 511 2114 (ludum
544 2048 742 2135 praevidisse3
776 2048 857 2111 nihil
888 2049 990 2136 magis
1018 2072 1112 2135 quam
1136 2072 1236 2114 oausae
1259 2049 1435 2114 communis
1457 2072 1542 2113 con·

291 2152 503 2216 servationem
537 2149 726 2235 expetiisse;
761 2172 795 2213 se
828 2172 1022 2236 operamque
1056 2173 1144 2214 suam
1179 2150 1350 2228 obtulisse3
1387 2149 1542 2214 consiliis

291 2252 357 2317 suis
390 2252 525 2315 aliorum
558 2250 745 2315 interventu
778 2250 914 2314 turbatis
941 2249 1027 2314 haud
1051 2263 1158 2314 tamen
1180 2274 1199 2314 a
1220 2250 1383 2338 proposito
1406 2272 1466 2313 suo
1490 2273 1540 2314 re·

291 2353 421 2431 siliime,
456 2351 567 2436 partiri
592 2351 770 2416 exereitum
799 2366 832 2416 et
854 2373 945 2414 curas
970 2351 1115 2437 publicas
1137 2374 1210 2415 cum
1232 2353 1321 2438 Rege
1345 2352 1455 2415 Daniae
1482 2375 1539 2415 vo·

291 2453 404 2531 luisse3
427 2452 566 2538 denique
590 2453 757 2516 occasione
776 2451 889 2516 horum
906 2452 1124 2529 consiliorum,
1141 2476 1213 2515 cum
1229 2465 1357 2539 tempus
1371 2452 1541 2516 inutiliter

291 2568 457 2629 tereretur,
480 2567 513 2616 et
535 2553 605 2616 Rex
629 2552 801 2616 Britanniae
823 2576 856 2616 se
880 2566 1059 2631 excusaret,
1081 2553 1215 2640 ipseque
1237 2553 1307 2616 Rex
1322 2553 1434 2617 Daniae
1448 2552 1541 2618 datis

292 2657 330 2720 ad
365 2655 395 2718 S.
430 2655 466 2719 R.
502 2654 612 2716 Mztem
639 2653 742 2718 literis
769 2676 856 2739 apem
881 2653 969 2717 brevi
993 2654 1208 2718 subsecuturae
1230 2652 1542 2740 resolutionisqprae·

291 2756 422 2831 uideret,
452 2754 540 2819 bello
563 2752 666 2817 isthoc
692 2753 1062 2834 Polonico·immixtam;
1084 2768 1228 2840 paratam
1250 2754 1464 2818 nihilominus
1488 2756 1542 2818 fu·

292 2870 393 2921 turam
421 2856 459 2919 ad
484 2856 738 2941 persequendum
762 2870 893 2939 ceptum
915 2856 1096 2930 consilium,
1119 2878 1191 2919 curn
1215 2855 1314 2920 ceteri
1336 2855 1539 2920 condicioni·

291 2957 351 3021 bus
386 2955 557 3043 propositis
590 2955 822 3034 satisfecerint3
855 2978 888 3018 se
922 2955 1052 3041 quidem
1081 2957 1148 3041 jam
1183 2956 1306 3020 dudum
1337 2956 1541 3042 explicuisse

292 3071 431 3121 mentem
454 3079 553 3132 suam,
577 3080 635 3121 nee
657 3056 783 3131 habere,
806 3057 892 3143 quod
914 3057 963 3120 illi
987 3057 1084 3121 addat
1103 3057 1155 3120 vel
1172 3056 1325 3133 detrahat,
1343 3055 1369 3119 si
1385 3056 1539 3121 directio·

292 3180 365 3222 nem
398 3156 476 3222 belli
508 3156 542 3219 in
576 3180 610 3221 se
637 3157 800 3244 suscipere
827 3158 956 3237 debeat;
980 3157 1123 3222 daturam
1147 3156 1356 3220 nihilominus
1378 3157 1536 3222 residenti

292 3281 350 3322 suo
372 3259 473 3343 Hapae
497 3257 632 3321 Comitis
655 3258 852 3344 Ruthgersio
875 3270 1068 3343 potestatem
1092 3280 1165 3321 cum
1185 3259 1300 3322 ceteris
1315 3258 1433 3343 legatis
1450 3280 1538 3322 eom·

293 3359 475 3423 muuicandi
498 3373 532 3423 et
553 3358 724 3423 statuendi.
770 3359 846 3422 llaec
868 3360 960 3422 fuere
982 3359 1082 3445 legati
1105 3359 1254 3422 mundata
1276 3372 1310 3422 et
1325 3359 1374 3422 vis
1388 3358 1536 3444 responsi

291 3460 354 3545 ipsi
387 3459 515 3535 redditi,
548 3460 633 3545 quod
667 3459 740 3523 ideo
774 3459 948 3544 adiungere
980 3460 1079 3533 volui,
1108 3472 1145 3523 ut
1172 3458 1281 3523 rideas
1309 3470 1342 3522 et
1363 3458 1538 3545 dignoscas

292 3574 481 3624 contextum
504 3559 711 3624 consiliorum
735 3572 915 3623 nostrorum
928 3562 963 3642 ¹).

377 3660 505 3724 Etenim
541 3662 651 3747 scripsi
687 3660 889 3723 Stokholmia
922 3676 956 3725 et
982 3683 1090 3726 mense
1118 3660 1235 3725 abhinc
1262 3660 1414 3725 ecastris
1436 3660 1538 3748 regiis

293 3762 331 3825 ad
366 3761 566 3846 Keggumq,
601 3784 670 3847 quae
703 3761 906 3847 potissimum
940 3784 998 3824 nos
1024 3760 1164 3825 rationes
1191 3761 1388 3849 impulerint,
1413 3776 1451 3826 ut
1474 3762 1537 3826 hoc

375 3931 396 3993 ²)
415 3936 501 3984 Dsssa
519 3935 582 3983 bref
600 3948 629 3983 se
647 3935 729 3983 efran
749 3933 799 3981 N:o
817 3938 849 3982 46
868 3934 920 3982 och
939 3938 978 3982 68.

377 4017 396 4073 ¹l
415 4020 464 4069 Om
488 4018 661 4081 Vosbergeus
684 4018 876 4079 besklclrnlng,
895 4033 923 4067 se
946 4018 1016 4068 hans
1034 4033 1100 4082 egen
1119 4018 1323 4081 redogorelsel
1347 4016 1466 4066 Verbaal
1485 4032 1537 4066 aas

293 4104 325 4152 de
344 4103 510 4152 Ambaasade
528 4118 580 4151 aaa
599 4101 708 4166 Gaspar
725 4118 778 4151 aaa
795 4101 948 4165 Voabarpeaa
963 4101 1081 4152 Utrecht
1096 4103 1169 4161 1867,
1182 4103 1232 4151 dar
1244 4101 1312 4150 lrans
1325 4100 1536 4165 beskloknlngs·

292 4196 356 4237 acta
374 4192 421 4237 aro
439 4187 560 4249 tryckta,
577 4186 666 4235 bland
684 4187 745 4235 dem
764 4188 846 4235 afron
865 4187 933 4235 hans
951 4188 1125 4249 proposltlou
1144 4188 1173 4236 af
1190 4187 1216 4234 d.
1234 4184 1266 4251 {3
1285 4187 1351 4249 Aug.
1370 4185 1432 4243 (ald.
1455 4188 1538 4234 123-

294 4272 352 4331 129)
378 4273 430 4321 och
458 4272 511 4321 den
538 4272 690 4321 resolutlon
717 4270 771 4319 han
799 4271 924 4320 derefter
946 4271 1035 4320 erboll
1053 4272 1116 4329 (ald.
1136 4268 1287 4327 les-143).
1323 4270 1537 4331 Proposltlonso

292 4356 362 4405 liuns
385 4358 396 4405 1
417 4355 536 4418 origlnal
557 4354 566 4401 i
584 4354 768 4416 Riksarklret,
788 4354 959 4404 Hellandska
976 4356 1205 4417 besklclmlngars
1223 4354 1367 4404 memorial
1385 4354 1437 4402 och
1457 4360 1537 4403 noter

294 4443 467 4498 1616-1674,
487 4439 674 4487 resolutionem
693 4438 702 4486 i
720 4443 762 4487 stt
781 4440 809 4487 af
827 4438 1015 4487 rlkskanslern
1034 4439 1223 4502 egonhandlgt
1236 4442 1350 4502 uppsatt
1362 4438 1414 4487 och
1427 4438 1536 4487 rattadt

292 4523 413 4585 koncept
439 4525 449 4571 1
476 4522 694 4572 Oxenstiernrka
715 4524 802 4583 saml,
824 4523 983 4587 Koneepter
1000 4525 1045 4573 tlll
1063 4524 1162 4585 Kungl.
1181 4523 1254 4573 Brsi.
1289 4523 1349 4571 Dan
1368 4526 1399 4571 ar
1417 4521 1534 4571 datsrad

292 4606 317 4654 d.
338 4609 352 4652 8
371 4608 446 4669 Aug,
466 4621 527 4656 men
546 4622 627 4669 synes
644 4606 764 4655 iaktlskt
781 4605 865 4655 halaa
882 4608 1043 4670 skrlltllgen
1062 4608 1260 4655 osverli'amnats
1279 4607 1304 4655 d.
1326 4603 1365 4670 ll,
1383 4606 1476 4655 under
1489 4606 1537 4655 det

292 4691 417 4739 daremot
435 4690 535 4752 ajallva
554 4690 706 4739 andlenscn
724 4690 796 4739 holla
815 4691 840 4739 d.
859 4688 893 4754 ἦ
911 4694 978 4749 sug.
1013 4690 1055 4739 Da
1072 4691 1278 4740 olranntmnda
1296 4689 1405 4752 aftryclr
1427 4691 1458 4739 al
1472 4690 1538 4739 den·
