3264 5354
328 457 370 521 te

286 622 445 691 restitute
478 646 536 709 per
563 623 693 688 Dsnum
723 635 779 687 sut
800 622 948 709 quemvis
971 623 1080 700 elium,
1104 624 1187 688 bens
1209 645 1259 688 res
1280 622 1387 699 hebet,
1410 635 1445 687 et
1467 643 1546 709 grs-

287 723 412 788 tulstur
434 722 500 789 Sus
520 723 617 788 Mztss
639 722 761 799 smiois,
783 745 843 788 neo
865 722 944 787 huic
965 724 1130 789 sortunsm
1151 724 1353 810 gloriamque
1375 745 1469 787 susm
1490 722 1546 785 ine

287 823 386 911 ridet
435 823 519 890 Setis
550 824 614 910 ipsi
641 837 692 889 est
717 838 860 889 curetum
888 846 956 889 esse
979 825 1118 890 sulutem
1142 824 1286 889 omnium
1308 846 1345 888 sc
1368 822 1545 887 securitati

288 925 385 990 huius
425 924 520 1012 regni
560 937 779 1011 prospectum.
837 926 887 988 At
926 925 954 988 si
996 924 1066 989 Rex
1103 925 1278 990 Britsnuiae
1316 923 1546 1011 Princepsque

290 1025 417 1090 Wslh'ae
450 1038 547 1111 etque
580 1024 693 1102 ceteri,
723 1046 860 1111 quorum
886 1024 1031 1103 interest,
1054 1026 1156 1113 magis
1179 1024 1214 1089 in
1234 1024 1291 1089 hes
1313 1039 1421 1112 partes
1443 1024 1545 1089 incli-

288 1127 446 1203 naverint,
480 1148 517 1189 sc
546 1125 577 1189 S.
600 1126 638 1190 R.
663 1125 734 1190 Mzti
757 1125 968 1189 directionem
991 1127 1119 1213 negocii
1142 1125 1330 1203 detulerint,
1352 1124 1545 1190 rstihsbitis

289 1227 378 1314 prius
410 1225 655 1292 condicionibus
689 1224 864 1312 'Speusiffi
898 1239 933 1290 et
966 1225 1145 1291 *Bellinio'
1173 1226 1428 1303 communicatio,
1456 1240 1545 1313 puts

289 1328 412 1415 Regem
441 1349 551 1392 meum
572 1327 656 1391 nihil
678 1327 927 1391 confecturum
950 1349 1009 1412 pro
1031 1349 1065 1391 re
1087 1328 1260 1403 communi,
1282 1328 1369 1413 quod
1391 1349 1467 1391 eum
1490 1349 1545 1391 rs·

289 1429 376 1494 tione
398 1427 520 1514 suscipi
543 1449 580 1492 sc
601 1428 637 1491 in
658 1427 811 1492 effectum
834 1427 951 1491 deduci
972 1426 1083 1514 possit.
1127 1427 1196 1493 Neo
1217 1428 1292 1492 ideo
1309 1428 1471 1493 offensum
1485 1427 1545 1505 ixi,

289 1529 374 1615 quod
408 1530 480 1595 Rex
512 1528 625 1593 Deniae
657 1540 716 1592 sut
748 1527 918 1614 quisqusm
952 1526 1035 1591 clius
1068 1527 1102 1592 id
1132 1542 1238 1594 tentet
1265 1542 1299 1593 et
1321 1528 1543 1615 adgredimur.

289 1629 375 1709 Quin
398 1630 425 1694 si
446 1629 535 1695 hisce
557 1652 622 1694 non
644 1627 845 1705 successerit,
867 1652 903 1693 sc
925 1629 1129 1714 postmodum
1145 1627 1293 1695 ridentur
1307 1627 1419 1693 amicis
1430 1627 1544 1691 Even-

288 1730 402 1818 gelicis
435 1743 471 1795 et
501 1730 751 1817 coussnguineis
784 1728 1046 1816 periclitsntibus
1079 1728 1180 1794 relsbi
1209 1729 1249 1795 sd
1271 1730 1393 1816 Regem
1416 1751 1544 1803 meum,

289 1832 388 1897 etism
421 1842 490 1895 tum
523 1830 557 1895 id
592 1853 656 1896 non
689 1830 733 1895 sit
764 1843 979 1906 recuseturus,
1013 1830 1040 1894 si
1073 1830 1168 1895 modo
1201 1844 1328 1895 tentum
1361 1828 1544 1916 negocium

285 1931 383 2017 justis
416 1931 613 2018 ponderibus
646 1930 820 1996 liberatum
854 1930 1016 2017 firmisque
1049 1930 1269 1996 fundumentis
1294 1931 1408 1995 nixum
1435 1933 1543 1995 susci·

290 2033 406 2120 piatur.
451 2033 522 2097 Rex
544 2032 654 2117 itaque
678 2046 755 2097 tuus
777 2045 892 2116 urgeat
913 2030 1005 2108 illud,
1030 2032 1079 2096 uti
1102 2032 1200 2118 cepit,
1224 2046 1258 2096 et
1279 2030 1422 2096 confidet
1436 2030 1544 2117 Regis

289 2133 353 2198 mei
379 2146 548 2199 constante
576 2132 695 2207 enimc,
722 2146 832 2220 tuque,
857 2132 885 2196 si
908 2132 1031 2219 'legati
1052 2133 1282 2198 convenerint'
1306 2132 1408 2219 Hsgae
1431 2131 1545 2197 Comi·

289 2234 341 2312 tis,
374 2257 435 2322 ege
464 2256 669 2299 communem
691 2256 824 2299 ceussm
845 2232 974 2319 tuisque
996 2232 1142 2298 consiliis
1160 2235 1251 2318 juvo,
1277 2247 1372 2320 prout
1393 2233 1543 2297 maxime

289 2356 308 2401 e
338 2358 373 2400 re
405 2357 475 2401 esse
503 2332 703 2419 judicaveris
736 2347 772 2399 et
800 2335 939 2420 tempori
960 2334 1037 2398 huie
1059 2334 1313 2411 accomodatum,
1335 2332 1397 2397 hoc
1420 2333 1542 2401 ssiteru

290 2435 469 2512 obserrsto,
502 2459 544 2503 ne
578 2458 679 2500 meres
711 2457 794 2521 spes,
827 2433 985 2501 fecilitste
1017 2457 1074 2499 sus
1105 2450 1221 2521 grurus,
1252 2435 1353 2499 firmis
1375 2435 1542 2520 certisque

290 2535 468 2602 redonibus
492 2558 566 2601 cum
588 2536 780 2601 difficultste
803 2558 840 2600 ee
862 2558 957 2600 onere
979 2535 1160 2600 coniunctis
1183 2535 1369 2622 praeferetis.

376 2636 491 2702 Praeter
522 2636 589 2701 haec
623 2636 711 2723 quod
739 2656 825 2701 nunc
852 2636 1000 2713 scribam,
1027 2635 1110 2700 nihil
1133 2636 1287 2715 occurrit;
1309 2649 1427 2703 cuncte
1449 2637 1540 2701 enim

291 2738 375 2803 scitu
403 2736 514 2825 digne,
536 2749 573 2801 ut
594 2739 726 2824 propius
748 2760 805 2801 vos
827 2736 921 2813 fiunt,
943 2737 991 2801 its
1011 2736 1109 2802 citius
1132 2761 1150 2801 s
1172 2736 1265 2801 vobis
1286 2750 1540 2824 cognoscuntur.

291 2839 405 2925 Neque
427 2851 486 2915 est,
510 2839 595 2924 quod
618 2837 659 2902 de
682 2837 814 2903 Polonis
836 2838 983 2915 scribom,
1005 2860 1080 2903 cum
1102 2837 1289 2903 durantibus
1311 2838 1453 2903 induciis
1471 2860 1540 2903 om·

291 2940 345 3005 nis
376 2940 532 3004 hactenus
563 2939 688 3004 fuerint
712 2938 901 3025 tranquills3
928 2938 1054 3024 siquid
1077 2939 1280 3025 inposterum
1303 2939 1540 3016 cecideritis·

291 3040 383 3117 ciem,
416 3054 454 3105 ut
487 3039 578 3105 scies.
628 3039 723 3117 Vale,
751 3038 801 3104 vir
823 3040 957 3125 optime,
980 3053 1014 3104 et
1035 3062 1086 3104 me
1109 3061 1189 3105 ems.
1235 3039 1402 3105 Debentur
1426 3037 1541 3105 Stook·

290 3141 418 3207 holmiae
439 3141 492 3206 die
515 3141 534 3204 9
557 3140 682 3226 Aprilis
704 3144 803 3205 Anno
826 3141 918 3206 1625.

953 3340 1090 3428 Magnis.
1114 3354 1177 3406 tuae
1200 3341 1452 3406 studiosissimus

978 3441 1118 3507 Axelius
1141 3440 1337 3507 Oxeustiern
1358 3464 1424 3527 mp.

377 3664 456 3716 litter·
473 3665 593 3728 koueept
610 3665 619 3714 i
637 3664 824 3726 Riksnrktvet,
841 3664 976 3727 itmrerdt
993 3666 1056 3715 med
1073 3665 1214 3728 trsgmeut
1232 3666 1262 3715 st
1279 3666 1328 3715 det
1343 3664 1537 3729 egenh's‘ndtgs

291 3737 465 3813 orlgtnsIeti
484 3749 618 3800 Oolleotto
637 3749 840 3803 ermenricus,
859 3748 1004 3799 tittnohen.
1040 3748 1053 3796 1
1071 3749 1221 3812 konceptet
1240 3748 1291 3798 ber
1307 3750 1440 3799 ksnslern
1457 3763 1536 3814 egen·

292 3833 410 3898 hendtgt
431 3830 571 3885 insiritvit
594 3834 628 3883 de
647 3833 706 3896 ord,
725 3848 782 3883 som
800 3835 810 3883 1
828 3832 977 3896 ortginslet
994 3836 1042 3882 tro
1061 3833 1235 3884 chiffrerode.
1269 3833 1356 3883 Feret
1374 3834 1469 3896 tryckt
1486 3833 1535 3883 hos

291 3918 408 3977 Moser,
427 3918 504 3968 Patr.
523 3917 634 3979 Archiv,
653 3917 683 3966 V:
704 3922 843 3966 169-163.
