3288 5330
333 456 395 521 462

291 717 363 770 201.
407 714 477 771 ¹1⁸1ss
498 715 604 771 nudv.
629 715 855 772 Gamerarius:
1080 715 1209 784 Elblng
1230 715 1264 771 d.
1287 717 1327 770 sl
1348 715 1425 772 Jan.
1447 715 1540 772 162⁷.

293 896 397 945 sunder
424 896 539 946 alskrllt
558 897 588 946 af
606 896 657 946 sitt
675 896 738 946 bret
757 896 786 944 at
803 895 829 943 d.
851 900 893 951 10;
912 910 956 945 om
975 897 1144 960 etallnrngsn
1163 897 1248 946 sedan
1267 897 1330 945 desa
1347 897 1385 960 pa
1403 896 1540 959 brigaskb·

377 980 537 1044 deplatsen;
564 980 687 1030 fiandans
715 994 838 1044 angrepp
865 979 902 1043 pa
928 980 1025 1043 Putaig
1048 979 1278 1044 tlllbakaslagna;
1297 980 1541 1043 skarmytsllngm

375 1065 535 1113 kurtursten
563 1065 593 1113 at
617 1065 818 1127 Brandanborg
843 1064 895 1113 har
921 1063 1047 1124 anlandt,
1074 1063 1177 1127 atloljd
1204 1064 1234 1112 at
1251 1070 1378 1127 troppau
1397 1064 1468 1114 bans
1486 1065 1541 1113 tor·

378 1148 544 1212 bandlingar
561 1149 624 1198 med
644 1147 839 1211 Kouespolski;
857 1150 1017 1212 rustnlngar
1035 1150 1043 1197 i
1063 1148 1161 1201 Poleu:
1180 1162 1221 1196 om
1242 1149 1313 1208 bref,
1331 1162 1388 1197 som
1407 1149 1489 1198 sedes
1502 1150 1542 1197 at·

378 1231 439 1295 gatt
465 1232 526 1281 tran
554 1232 651 1282 Polske
673 1232 821 1294 konungen
839 1231 885 1281 till
903 1231 1157 1291 Generalstaterna
1176 1232 1303 1295 England
1322 1232 1375 1281 och
1394 1231 1543 1291 Danmark,

377 1316 463 1365 burdo
490 1316 518 1365 Ο.
546 1316 614 1364 soka
640 1316 729 1365 skslla
756 1316 963 1380 upplysningar.
1008 1316 1073 1365 Bra!
1099 1316 1161 1365 tran
1189 1316 1217 1364 Ο.
1245 1317 1290 1365 tlll
1313 1322 1344 1364 Δ.
1364 1316 1395 1366 0.
1415 1317 1540 1367 berettus

378 1400 463 1449 balva
488 1401 681 1464 nppbrlngats,
708 1400 890 1464 formodligen
918 1400 955 1463 pa
984 1406 1025 1450 etr
1052 1400 1145 1464 tartyg
1171 1400 1233 1450 trau
1254 1399 1381 1461 Rostock,
1400 1402 1451 1450 och
1470 1401 1542 1450 torta

378 1484 424 1533 tlll
442 1483 600 1534 Warsohau.

772 1596 945 1684 Magnifice
970 1597 1059 1661 Dme.

381 1713 562 1778 Periculum
596 1714 841 1799 interceptionis
874 1714 1050 1789 literarum,
1084 1726 1118 1778 et
1150 1714 1235 1801 quod
1270 1729 1303 1779 te
1326 1737 1447 1791 eorum,
1471 1738 1542 1801 quae

295 1814 348 1879 hic
383 1826 532 1900 aguntur,
565 1815 713 1900 ignarum
748 1837 816 1879 esse
850 1814 960 1890 nolim,
995 1838 1045 1879 me
1069 1838 1268 1901 permovere,
1292 1830 1328 1878 ut
1351 1816 1439 1880 hisce
1463 1815 1542 1878 meis

295 1914 503 2001 adiungerem
526 1915 692 2000 exemplar
713 1938 831 1993 earum,
855 1938 934 2001 quas
956 1915 1008 1978 die
1030 1914 1134 2002 [10]¹)
1156 1916 1253 1979 liuius
1276 1915 1313 1980 od
1338 1930 1370 1980 te
1393 1916 1478 1980 dedi.

381 2017 432 2080 Ex
466 2040 504 2080 eo
538 2028 682 2100 tempore
716 2016 798 2080 nihil
827 2016 929 2080 ferme
952 2017 1075 2103 scriptu
1097 2016 1233 2103 dignum
1258 2031 1365 2081 actum
1387 2031 1436 2080 est
1458 2017 1543 2080 inter

296 2140 353 2181 nos
387 2132 420 2181 et
442 2116 576 2180 bostem.
621 2116 684 2180 Hic
709 2140 741 2180 se
765 2116 831 2180 suis
854 2118 965 2181 castris
987 2118 1142 2193 continet,
1170 2141 1230 2182 nec
1254 2116 1458 2205 progreditur
1481 2116 1543 2181 nisi

295 2219 482 2303 praedatum‚
516 2217 703 2282 stimulante
738 2217 834 2281 fame.
891 2218 957 2282 Nos
990 2217 1128 2282 militem
1161 2217 1315 2282 refecturi
1343 2217 1378 2281 in
1399 2218 1543 2282 laborem

296 2319 452 2393 aestivum,
486 2341 551 2381 non
581 2318 796 2404 permittimus
819 2341 894 2382 eum
916 2318 1072 2405 divagari,
1096 2333 1142 2384 sat
1165 2319 1308 2383 victorie
1331 2332 1494 2405 putantes,
1516 2318 1543 2382 si

295 2433 386 2505 parta
418 2419 712 2483 conservaverimus
745 2419 777 2482 in
811 2419 1059 2483 commodiorem
1094 2420 1169 2483 anni
1203 2432 1338 2496 aetatem,
1371 2420 1474 2484 donec
1497 2417 1545 2481 ha

295 2535 410 2584 nostrae
432 2520 532 2605 copia
559 2542 632 2583 cum
654 2520 840 2584 domesticis
863 2520 967 2607 Regni
992 2520 1112 2584 viribus
1135 2521 1289 2606 coniungi
1311 2534 1439 2606 queant.
1478 2519 1544 2584 Ubi

296 2643 373 2684 vero
395 2619 563 2685 commoda
586 2643 619 2684 se
643 2620 798 2685 obtulerit
819 2621 1044 2685 velitationum
1067 2621 1203 2699 occasio,
1227 2645 1296 2686 cam
1319 2645 1383 2685 non
1406 2620 1545 2708 negligi·

298 2743 377 2784 mus.
433 2720 546 2785 Hostis
579 2721 709 2807 quidem
744 2720 886 2786 Pudzich
921 2734 1098 2809 oppugnat,
1132 2745 1228 2808 quam
1251 2735 1359 2809 potest
1381 2722 1543 2797 acerrime,

297 2821 353 2885 scd
387 2821 542 2886 hactenus
575 2822 666 2886 irrito
699 2835 815 2886 conatu
850 2836 884 2885 et
916 2822 1058 2886 maximo
1085 2845 1159 2886 oum
1182 2846 1313 2887 suorum
1336 2822 1545 2900 detrimento;

296 2945 453 3009 speroque
479 2922 689 3009 praesidiarios
713 2946 746 2986 se
768 2922 896 2988 fortiter
918 2936 1088 2999 tutaturos,
1112 2922 1214 2988 donec
1237 2922 1302 2988 illis
1319 2947 1336 2986 a
1352 2923 1444 2987 uobis
1461 2946 1545 2987 com·

297 3023 390 3088 mode
415 3025 556 3087 succurri
580 3024 691 3108 possit.

383 3123 444 3189 Die
469 3127 507 3188 la
529 3122 626 3208 hujus
649 3124 852 3189 Godanenses
875 3125 1028 3210 quosdam
1051 3124 1190 3188 militum
1218 3148 1349 3188 suorum
1371 3147 1445 3189 cum
1469 3147 1545 3211 pau·

297 3225 343 3289 cis
377 3224 545 3290 tormentis
578 3224 703 3289 bellicis
736 3225 910 3289 emiserant
941 3225 1157 3312 (speculatum
1187 3248 1226 3289 an
1261 3225 1436 3302 obsessum,
1460 3224 1544 3288 baud

297 3326 450 3406 dixerim)
472 3348 581 3390 versus
605 3326 695 3403 Hafa,
719 3324 955 3390 munimentum
983 3340 1137 3401 nostrum,
1164 3337 1197 3391 et
1218 3326 1381 3391 habebant
1395 3326 1545 3389 coniunc-

298 3441 346 3491 tas
369 3426 492 3512 aliquot
514 3426 580 3490 alas
603 3426 800 3491 Polonorum
823 3426 980 3511 equitum.
1015 3426 1078 3490 Sed
1095 3428 1297 3491 munimento
1319 3427 1377 3490 vix
1392 3427 1433 3489 de
1449 3426 1545 3512 longe

299 3540 472 3613 conspecto
495 3527 619 3613 equites
642 3550 676 3592 se
698 3527 731 3590 in
754 3539 866 3602 castra,
890 3526 1094 3592 Gedanenses
1122 3528 1253 3592 domum
1276 3549 1439 3613 recepere.
1484 3525 1544 3589 Die

299 3629 339 3692 25
361 3626 460 3711 hujus
485 3628 632 3691 velitatio
654 3628 784 3714 quidem
806 3650 872 3692 non
894 3651 1020 3715 magna,
1044 3628 1100 3693 sed
1122 3642 1230 3693 tamen
1253 3626 1471 3692 memorabilis
1493 3625 1544 3690 ha·

300 3727 367 3792 bita
400 3742 449 3793 est
482 3728 514 3791 in
549 3728 668 3814 Magna
700 3727 810 3792 lnsula
836 3729 920 3793 inter
941 3743 1099 3794 nostrates
1121 3743 1155 3794 et
1177 3728 1324 3793 Polonos.
1368 3727 1413 3792 Hi
1436 3725 1544 3792 emissi

299 3828 489 3915 pabulatum
512 3840 555 3903 et,
579 3842 616 3892 ut
638 3828 844 3913 pabulatores
867 3851 941 3892 suos
963 3842 1153 3907 tutarentur,
1176 3829 1324 3894 incidunt
1344 3830 1378 3893 in
1403 3828 1446 3891 70
1460 3828 1545 3915 equi·

299 3944 348 3993 tes
380 3942 520 4008 nostros3
554 3952 635 4015 quos
668 3951 741 3994 cum
764 3928 889 3994 duabus
912 3930 971 3994 alis
994 3931 1140 4017 equitum
1163 3929 1315 3994 invadere
1338 3929 1471 4006 vellent,
1494 3952 1545 3992 ve·

300 4030 462 4095 aientibus
485 4031 581 4095 etiam
606 4053 624 4093 a
645 4030 744 4094 latere
768 4031 829 4094 sibi
852 4031 994 4095 subsidio
1021 4031 1145 4119 aliquot
1167 4053 1297 4095 suorum
1320 4029 1467 4117 equitum
1483 4043 1546 4094 tur·

301 4132 361 4194 mis
384 4144 417 4195 et
439 4130 583 4216 peditum
608 4130 789 4217 manipulis,
814 4131 1052 4218 praeveniuntur
1073 4155 1092 4196 a
1113 4132 1311 4196 nostratibus
1333 4145 1365 4196 et
1383 4132 1418 4195 in
1434 4131 1544 4217 fugam

301 4231 527 4306 ‹aoniiciuntun
562 4231 791 4317 credanturque
829 4233 914 4297 ultra
948 4233 1117 4318 sexaginta
1150 4246 1183 4297 et
1215 4233 1301 4297 inter
1333 4231 1392 4296 hos
1425 4232 1547 4318 aliquot

301 4332 411 4417 magni
445 4333 529 4419 apud
563 4333 687 4396 hostem
721 4332 861 4396 nominis
894 4334 966 4408 viri,
999 4334 1195 4398 nostratibus
1228 4357 1293 4397 non
1327 4333 1389 4396 nisi
1423 4332 1546 4396 duobus

302 4431 435 4509 amissis,
459 4433 514 4519 qui
538 4433 758 4497 vexilliferum
786 4433 886 4497 nimiu
911 4433 1069 4519 eripiendi
1093 4434 1178 4521 signi
1203 4435 1356 4500 aviditate
1379 4455 1546 4520 perseque-

302 4533 428 4597 bantur.
472 4533 517 4596 Et
540 4533 604 4597 haec
628 4532 758 4619 quidem
779 4534 819 4598 de
843 4532 943 4598 hoste.

388 4668 407 4731 ¹)
426 4671 522 4721 Luoka
540 4673 548 4720 1
568 4671 777 4736 manuskriptet.
813 4672 859 4722 Jfr
877 4674 959 4722 olran
978 4672 1029 4723 Nzo
1048 4676 1104 4722 288.
