3248 5328
1237 396 1299 461 3⁷5

1 613 2 622 ,
94 584 194 648 qnam
228 560 406 640 sustulerit,
440 573 593 627 mount·
626 561 755 627 Ducatu
789 561 1042 642 Sudermannia3
1078 562 1168 649 Rege
1202 562 1344 628 Polonioe

96 663 229 727 interim
272 663 433 728 retinente
473 662 616 739 titulum,
658 676 692 727 et
727 661 816 727 sslvo
850 663 925 748 jure
962 685 1020 728 suo
1057 684 1093 728 ec
1131 674 1342 749 posterorum.

96 764 127 827 2.
155 762 233 827 Post
254 776 389 828 mortem
412 762 509 849 Regis
531 763 633 828 nostri
654 764 841 847 succederet
863 762 947 828 lilius
967 762 1175 851 sigismundi.
1215 765 1246 829 3.
1274 766 1343 829 An·

96 863 222 929 nuetim
258 863 403 951 quoedem
431 863 575 949 pecunias
597 863 646 927 vis
668 863 863 929 tribueretur
885 886 903 928 e
925 862 1042 929 Suecis
1063 863 1139 929 liliis
1161 863 1261 951 Regis
1283 864 1347 930 Po·-

94 965 191 1030 lonise
212 965 247 1029 in
271 963 557 1029 alimentstionem.
600 967 630 1029 4.
654 964 745 1030 Filiae
767 963 966 1052 sigismundi
989 963 1092 1028 nubili
1114 965 1172 1029 dos
1195 953 1343 1029 eSuecie

92 1066 228 1130 daretur
249 1064 390 1130 moribus
412 1064 505 1151 regni
526 1066 730 1130 conveniens.
764 1066 794 1129 5.
824 1065 950 1130 Cuncta
970 1063 1198 1152 ReipubUicae]
1212 1065 1343 1130 Polonae

94 1165 251 1251 adempta
271 1166 528 1231 restituerentur.
572 1166 601 1230 6.
631 1165 665 1231 Si
687 1166 770 1253 Regi
792 1165 933 1230 Poloniae
955 1164 1072 1231 liliisne
1094 1164 1238 1252 placeret
1259 1167 1344 1255 Reg-

94 1289 174 1331 num
199 1266 322 1331 Sueciae
344 1265 493 1343 inrisere,
518 1280 574 1331 eut
595 1288 669 1332 suos
691 1266 775 1331 istuc
798 1265 935 1344 mittere,
959 1279 996 1330 ut
1016 1265 1153 1332 liberum
1169 1267 1225 1348 sit;
1247 1281 1342 1357 atque

92 1368 130 1432 id
153 1388 257 1454 genus
280 1366 353 1445 alis.
381 1366 535 1452 Dijudica
557 1390 614 1454 pro
636 1366 808 1454 prudentis
828 1376 894 1445 tus,
917 1365 1025 1454 qualia
1045 1364 1114 1431 hoec
1136 1367 1201 1433 sint
1222 1380 1256 1433 et
1278 1390 1342 1455 quo

93 1469 243 1533 tendant.
287 1467 390 1533 Nobis
412 1491 489 1533 vero
510 1468 644 1555 indigns
666 1467 733 1533 risa
755 1481 840 1545 sunt,
864 1491 934 1555 quae
956 1467 1144 1555 singulatim
1167 1469 1343 1534 refutaren-

94 1582 161 1645 tur,
186 1568 326 1653 ideoque
353 1582 387 1633 et
414 1568 523 1656 turpia
544 1591 613 1634 esse
636 1580 669 1633 et
690 1567 903 1634 incitamento
925 1569 1033 1655 potius
1056 1567 1224 1647 bellorum,
1247 1564 1347 1656 qusm'

93 1669 184 1756 pacis
218 1668 325 1734 media
357 1668 461 1735 videri
493 1669 728 1757 respondimus.
774 1668 918 1734 Tandem
952 1669 1145 1757 urgentibus
1168 1668 1342 1748 Polonicis,

93 1783 132 1834 ut
164 1782 275 1833 nostrs
307 1792 534 1856 promeremus,
570 1771 690 1834 causati
724 1770 981 1858 magnitudinem
1014 1770 1143 1857 negocii
1176 1782 1210 1834 et
1241 1768 1343 1835 studi·

93 1893 188 1936 orum
223 1871 494 1949 contrarietatem,
527 1871 643 1948 medis,
680 1894 751 1957 quae
784 1870 914 1957 utrique
947 1871 1031 1957 perti
1064 1870 1250 1949 arriderent,
1283 1892 1342 1934 nos

93 1971 237 2058 reperire
277 1994 342 2036 non
376 1993 469 2057 posse
509 1971 781 2059 significavimus,
816 1970 943 2036 nullum
980 1993 1056 2036 vero
1091 1970 1343 2037 commodiorem

94 2072 230 2137 modum
264 2072 528 2137 existimabamus
560 2071 700 2137 inveniri
733 2092 828 2159 posse
854 2072 1020 2159 sanguinis
1042 2072 1175 2137 humani
1197 2071 1343 2149 sistendi,

92 2196 193 2261 quam
227 2171 255 2237 si
278 2172 487 2260 suspensione
510 2195 669 2237 srmorum
688 2174 794 2258 justos
816 2195 853 2237 ac
875 2173 1003 2259 quietos
1025 2180 1181 2238 enotatas
1203 2186 1343 2238 tentore·

94 2295 176 2351 mus,
212 2286 269 2338 sut
290 2273 359 2338 litis
379 2273 576 2340 decisionem
596 2274 666 2338 fato
692 2272 851 2360 Principis
874 2273 1158 2350 committeremus,
1181 2273 1347 2360 siquidem.

91 2373 251 2442 credibile
283 2388 369 2440 esset
393 2375 485 2460 Rege
506 2374 649 2440 Poloniss
664 2375 802 2439 ,vivente
824 2373 865 2438 sd
887 2373 1022 2439 solidam
1045 2396 1157 2460 pacem
1180 2374 1343 2461 perveniri

93 2498 158 2541 non
186 2497 293 2561 posse.
327 2475 398 2540 Hoc
420 2475 550 2562 quidem
571 2475 715 2539 medium
737 2473 874 2540 antebac
898 2497 918 2538 a
938 2473 1119 2539 Lithwanis
1141 2474 1340 2561 propositum

91 2600 158 2641 non
181 2576 355 2662 placuisse,
377 2577 463 2662 quod
486 2599 581 2641 nemo
604 2589 696 2654 esset,
718 2574 776 2663 qui
799 2588 994 2663 potestatem
1015 2575 1180 2641 statuendi
1199 2574 1341 2656 haberet,

94 2691 151 2743 sut
173 2676 209 2742 id
230 2690 336 2741 rstrnn
350 2677 420 2741 fore
436 2676 522 2763 apud
537 2677 670 2763 Regem,
689 2677 775 2763 quod
791 2677 1041 2762 promitteretur,
1056 2674 1204 2761 polliceri
1219 2689 1341 2762 posset;

91 2800 180 2843 nnnc
202 2777 294 2864 Rege
317 2792 472 2863 presente
494 2790 528 2843 et
547 2779 636 2864 ipsos
657 2790 814 2842 tractatus
836 2777 1032 2855 moderante,
1055 2799 1165 2841 omnes
1188 2775 1244 2842 has
1258 2776 1341 2842 diffi-

91 2879 234 2944 cultates
268 2878 410 2943 sublatas
432 2899 513 2943 esse.
555 2878 635 2942 Hoec
661 2900 726 2943 non
749 2890 825 2943 sunt
847 2877 916 2941 viss
937 2876 1068 2943 Polonis
1091 2876 1239 2954 arridere,
1262 2877 1341 2944 licet

93 3002 131 3044 es
163 3001 198 3045 se
233 2978 440 3044 deliberanda
471 2991 673 3065 suscepturos
702 2980 928 3066 promiserunt.
973 2978 1113 3064 Ideoque
1136 2991 1170 3042 et
1190 2978 1244 3042 hic
1265 3002 1342 3044 oon·

91 3102 223 3167 gressu
246 3078 357 3145 finitus
379 3080 520 3144 estsine
542 3079 673 3145 effectu.

157 3194 160 3197 ’
179 3179 274 3260 Quod
298 3203 383 3243 nanc
405 3179 551 3243 futurum
575 3181 625 3257 sit,
649 3203 706 3266 pro
728 3193 817 3244 ccrto
840 3202 903 3243 non
919 3178 1042 3243 dixero.
1076 3178 1236 3244 Videmus
1252 3180 1341 3267 equi·

90 3281 168 3346 dem
203 3279 342 3344 Polonos
374 3279 471 3344 taedio
504 3278 662 3345 bellorum
695 3282 780 3358 duci,
815 3303 927 3367 pacem
949 3301 1075 3365 cupere,
1104 3301 1198 3344 sensu
1220 3281 1340 3346 incom-

91 3381 264 3446 modorum
297 3379 375 3445 belli
409 3395 442 3445 et
475 3380 690 3446 subsecuturae
723 3380 913 3445 vastationis
945 3380 1104 3444 Borussiae
1137 3403 1174 3444 uo
1196 3380 1339 3445 Polonioe

92 3482 268 3547 admodum
302 3482 438 3560 moveri;
466 3504 578 3547 veram
604 3504 644 3546 an
666 3480 735 3547 haec
755 3483 830 3569 plus
851 3481 983 3547 valeant
1002 3482 1038 3545 in
1061 3480 1176 3545 animis
1198 3481 1341 3560 illorum,

91 3604 194 3670 quarn
226 3581 401 3649 obstinatio
434 3582 532 3668 Regis
558 3581 688 3647 atinde
710 3583 891 3647 enasciture
913 3580 1146 3668 qualiscunque
1169 3582 1340 3647 diminutio

93 3683 236 3748 nominis
259 3683 415 3761 Polonici,
437 3704 546 3748 meum
568 3706 632 3747 non
654 3695 703 3747 est
725 3683 890 3747 affirmare.
933 3682 1126 3769 Propediem
1149 3683 1339 3760 videbimus,

92 3806 250 3870 quorsum
271 3782 402 3851 illorum
424 3783 525 3848 animi
546 3783 713 3848 inclinent.

179 3885 254 3949 Rex
274 3897 384 3949 noster
405 3885 535 3950 volente
558 3885 628 3949 Deo
650 3885 683 3947 in
706 3882 856 3948 Sueciam
879 3882 940 3947 hoc
961 3882 1139 3948 authumno
1160 3882 1288 3961 redibit,
1304 3895 1341 3948 ut

93 4008 195 4051 verno
217 3998 362 4070 ternpore
385 3986 524 4070 paratior
546 3985 747 4073 validiorque
770 3984 889 4062 redeat,
913 4007 964 4049 me
979 3983 1109 4048 interim
1124 3982 1178 4048 hic
1195 3984 1233 4048 ad
1249 4006 1340 4049 exer·

92 4087 197 4151 citum
221 4086 333 4151 relicto
355 4108 428 4155 cunr
451 4085 557 4172 campi
579 4085 791 4152 Mareschallo
815 4109 851 4151 ac
872 4085 989 4150 comite
1016 4084 1176 4150 Turnensi
1193 4084 1339 4171 aliisque.

94 4188 172 4252 Haec
206 4187 288 4253 habe
316 4188 357 4252 dc
384 4200 471 4252 statu
498 4209 604 4252 rerum
628 4201 816 4252 nostrerum.
862 4186 955 4251 Vale.
999 4186 1166 4251 Dabuntur
1188 4208 1205 4249 e
1228 4185 1340 4252 castris

92 4289 133 4353 ad
156 4287 388 4353 Fslkenaviom
410 4289 463 4353 die
486 4290 526 4353 18
549 4287 662 4353 Octob.
685 4290 749 4353 An.
774 4289 865 4355 1626.

180 4442 377 4507 ligenhtodlgt
402 4443 523 4507 koncspt
549 4443 558 4492 i
582 4440 800 4493 Oxsnstlernsks
822 4445 976 4508 ssmllngen
993 4443 1057 4493 med
1074 4440 1207 4507 pbskrllt:
1231 4440 1340 4491 ›Geme-

94 4531 196 4579 rarlo’.
240 4528 263 4576 Δ
290 4530 369 4590 tergo
394 4528 459 4577 med
486 4541 578 4577 annan
605 4526 693 4577 hand:
722 4527 893 4577 ›Gamerarlo
920 4533 949 4578 et
971 4526 1085 4599 Spenslo
1108 4530 1138 4576 18
1158 4525 1255 4578 Octob.
1275 4528 1339 4574 lent

94 4611 286 4670 reinbernum
304 4612 377 4661 lautt
396 4613 493 4675 ligger,
512 4611 593 4662 alren
613 4613 622 4662 i
640 4611 828 4676 egenhtndtgt
846 4612 975 4675 konospt,
993 4610 1093 4675 berieu
1110 4612 1156 4661 till
1173 4610 1283 4661 brstvst
1294 4610 1341 4660 tut
