3264 5354
1237 474 1279 538 59

88 656 159 707 ortus
182 644 240 721 sit3
264 665 336 730 quae
359 642 564 706 condiciones
587 642 627 706 ab
649 663 714 705 uno
735 655 793 705 ortt·
815 641 915 705 altera
935 653 1026 728 parte
1041 642 1227 727 propositoe3
1250 666 1320 729 quae

88 744 254 830 adprobatae
290 756 348 807 aut
380 757 413 808 et
447 764 525 829 quus
559 742 599 806 ob
632 741 773 806 rationes
806 743 947 820 reieotoe3
985 756 1017 806 et
1049 742 1190 829 denique
1223 767 1319 830 quem

88 845 225 909 effectum
264 855 459 909 eventumve
494 843 522 906 is
555 854 712 907 tractatus
746 842 913 907 babuerit?
961 842 1037 906 Haeo
1070 844 1097 906 si
1131 838 1318 921 obtinueris,

88 947 162 1009 nitte
196 944 263 1009 huo
297 966 392 1030 quam
421 944 593 1029 ocyssime3
621 944 682 1007 etsi
705 945 791 1008 enim
813 943 871 1007 ills
892 966 957 1007 uon
980 956 1055 1007 sunt
1076 944 1169 1008 nobis
1192 944 1319 1030 penitus

87 1047 194 1133 ignota,
228 1058 262 1110 et
295 1058 374 1131 puto
409 1067 460 1110 me
488 1044 656 1129 exemplar
681 1043 769 1108 illius
790 1044 916 1109 faederis
938 1043 994 1108 abs
1016 1059 1049 1110 te
1071 1057 1141 1108 tunr
1164 1047 1319 1132 temporis

87 1146 234 1225 habuisse,
272 1169 378 1233 operae
413 1158 523 1209 tamen
556 1145 696 1231 pretium
728 1144 855 1222 feceris,
888 1144 915 1208 si
950 1144 1015 1210 boec
1048 1158 1081 1209 et
1113 1146 1153 1210 de
1180 1140 1264 1210 novo
1286 1162 1319 1212 et

88 1261 191 1312 cuncta
224 1260 375 1311 accurate
409 1246 624 1332 perquisistis·
674 1244 800 1311 Deinde
826 1261 877 1310 est
903 1245 1044 1309 maxime
1067 1270 1085 1311 e
1107 1268 1151 1325 rc,
1175 1260 1212 1311 ut
1234 1271 1319 1312 nunc

88 1349 293 1412 minutissima
323 1348 482 1419 observes,
516 1360 585 1411 tum
618 1345 696 1433 quid
725 1346 837 1409 Danus
864 1346 987 1424 offerat,
1015 1358 1048 1412 et
1069 1346 1188 1432 quibus
1209 1362 1320 1413 utatur

87 1448 308 1525 instrumentis,
339 1461 406 1512 tum
434 1470 499 1534 quo
521 1446 678 1511 Ordinum
701 1447 800 1511 animi
823 1460 994 1533 motusque
1016 1448 1184 1525 inclinent,
1207 1464 1241 1513 et
1264 1450 1318 1536 qui

87 1551 232 1615 Ordinum
266 1561 360 1635 grata
388 1561 580 1632 suspectans
608 1547 748 1612 habeant
771 1547 840 1612 eius
863 1548 981 1612 oblata.
1025 1548 1108 1612 Mihi
1131 1551 1216 1614 enim
1241 1552 1320 1615 rela-

88 1664 141 1714 tum
174 1664 234 1728 est,
268 1653 522 1734 Amstrytterurn
555 1647 701 1734 legatum
733 1648 956 1713 Britannicum
983 1650 1043 1713 sub
1066 1644 1180 1736 specie
1195 1650 1320 1716 reditus

87 1753 125 1815 sui
155 1750 292 1838 Anglici
327 1773 383 1837 per
414 1749 564 1837 Belgium
600 1749 716 1813 babere
744 1750 778 1813 in
805 1749 973 1826 mandatis,
1001 1762 1038 1813 ut
1059 1750 1234 1815 Ordinibus
1256 1775 1320 1817 me·

57 1868 60 1875 '
87 1853 207 1916 moriam
229 1852 325 1916 istius
347 1850 473 1915 faederis
496 1849 613 1913 Danici
637 1849 775 1927 refricet,
800 1850 894 1914 adid
918 1850 1062 1937 instiget,
1086 1862 1120 1913 et
1141 1853 1321 1917 secretioris

88 1966 230 2017 tractatus
261 1952 475 2016 fundamenta
506 1951 653 2025 collocet,
688 1950 843 2014 abusurus
875 1950 982 2015 forsan
1010 1953 1106 2016 etiarn
1131 1952 1230 2040 Regis
1251 1953 1320 2017 Bri·

88 2055 193 2117 tanniae
215 2054 359 2117 nomine.
404 2051 621 2138 Vosbergium
645 2073 773 2137 quoquc
795 2074 813 2115 e
836 2051 950 2138 Belgio
974 2052 1012 2115 ad
1036 2053 1165 2116 Danum
1188 2054 1320 2118 missum

87 2154 128 2227 iri,
146 2178 221 2218 oum
243 2177 308 2239 quo
330 2154 398 2218 sine
420 2152 521 2217 dubio
544 2151 666 2240 aliquid
689 2164 812 2239 agetur,
837 2152 996 2238 siquidem
1018 2153 1112 2216 illum
1136 2155 1228 2219 Dano
1251 2178 1321 2242 gra·

89 2269 145 2319 tum
166 2255 328 2342 intelligo.

158 2357 264 2420 Tuum
298 2378 385 2419 nunc
418 2368 467 2419 est
500 2355 567 2418 haeo
602 2354 719 2429 omnia,
754 2376 810 2417 seu
844 2354 950 2440 palam
984 2353 1067 2417 fiunt
1099 2378 1156 2419 sou
1187 2371 1319 2432 secreto,

89 2479 267 2543 cognoscere
301 2469 334 2521 et
368 2455 583 2519 minutissima
615 2478 750 2541 quaeque
783 2455 960 2519 observare.
1017 2455 1049 2519 Si
1083 2455 1165 2519 nihil
1193 2457 1246 2544 agi
1273 2458 1320 2521 in·

89 2558 248 2635 tellexeris,
287 2570 344 2620 aut
377 2556 559 2641 Principem
594 2554 792 2642 Ordinesque
827 2568 898 2619 acta
931 2556 1015 2620 Dani
1048 2579 1136 2643 aeque
1170 2573 1321 2645 suspectu

90 2654 203 2733 habere,
227 2681 263 2722 ac
287 2657 318 2721 S.
342 2657 379 2720 R.
402 2656 508 2735 M:tas,
533 2655 709 2741 parciorem
732 2670 764 2720 te
786 2679 855 2721 esse
877 2668 912 2721 et
933 2657 1111 2721 cautiorem
1127 2672 1263 2744 oportet,
1279 2683 1319 2724 ne

89 2772 115 2820 te
143 2759 277 2823 nimium
307 2755 509 2845 opponendo,
540 2780 614 2822 cum
637 2780 700 2821 non
723 2757 766 2821 sit
788 2779 878 2844 opus,
903 2758 1009 2822 minus
1033 2773 1184 2844 acceptus
1206 2760 1263 2838 sis,
1286 2760 1320 2825 in

89 2873 197 2924 wareto
219 2873 340 2935 tamen,
366 2872 399 2922 et
421 2882 496 2922 cum
518 2858 686 2922 commoda
709 2880 742 2922 se
766 2857 921 2923 obtulerit
942 2858 1077 2937 eccesie,
1101 2859 1133 2924 id
1157 2860 1320 2925 dissuade-

90 2957 129 3022 bis
158 2974 189 3024 et
220 2960 390 3025 hominum
423 2959 556 3035 animos,
590 2971 744 3045 quantum
779 2971 880 3045 potes,
909 2973 1043 3024 avertes.
1092 2963 1139 3023 At
1161 2961 1189 3024 si
1210 2961 1243 3024 id
1267 2962 1319 3047 agi

89 3061 266 3146 cognoveris
288 3074 324 3124 et
346 3060 505 3124 Ordinum
527 3061 679 3146 quosdam
703 3082 741 3123 eo
763 3059 931 3135 inclinare,
954 3060 1086 3145 publice
1106 3060 1320 3146 privatimque

24 3180 25 3239 t
90 3172 117 3222 ts
140 3184 290 3247 oppones,
319 3161 491 3225 ostendens
517 3160 600 3224 illud
629 3182 702 3224 cum
729 3160 809 3246 ipsis
830 3160 1051 3224 fundamentis
1072 3161 1198 3225 faederis
1221 3163 1320 3226 nostri

24 3270 25 3275 ’
90 3283 218 3347 pugnare
235 3276 269 3326 et
280 3275 442 3348 utrunque
456 3261 553 3325 simul
565 3260 738 3325 subsistere
750 3284 814 3324 non
827 3283 935 3348 possc3
956 3284 1014 3325 neo
1026 3260 1240 3326 dubitandum
1252 3285 1321 3327 esse

91 3360 260 3440 Ordinibus,
282 3362 366 3426 nihil
389 3362 475 3427 aliud
498 3363 624 3426 aDano
648 3361 754 3448 quaeri,
771 3384 868 3448 quarn
884 3375 922 3425 ut
936 3384 994 3425 nos
1009 3378 1042 3427 et
1056 3361 1130 3427 illos
1146 3362 1320 3450 disiungat,

90 3462 295 3550 effectumque
328 3463 453 3528 faederis
482 3464 585 3527 nostri
612 3464 762 3528 inutilem
786 3485 968 3549 vanumque
989 3464 1111 3527 reddat.
1157 3464 1232 3528 Huc
1253 3477 1320 3528 ten·

90 3561 154 3626 dere
184 3580 215 3629 ot
250 3566 438 3649 adparatum
472 3563 558 3628 hunc
592 3563 745 3628 bellicum
773 3578 807 3627 et
833 3577 939 3627 cetera
965 3563 1101 3627 consilia
1127 3565 1236 3628 omnia
1257 3587 1320 3628 non

91 3676 130 3726 est
153 3664 281 3729 difficile
305 3665 462 3748 judicare,
486 3665 542 3749 qui
565 3665 677 3729 saltem
702 3665 809 3728 animo
832 3686 897 3727 non
919 3662 1036 3728 affecto
1058 3663 1098 3728 de
1120 3688 1154 3729 re
1173 3665 1321 3749 judicare

92 3767 205 3845 poterit.
262 3766 300 3830 In
328 3764 433 3829 isthoc
455 3766 558 3853 igitur
579 3764 787 3850 impediendo
810 3786 923 3828 nervos
946 3777 1018 3828 tuos
1042 3787 1151 3830 omues
1172 3765 1321 3830 intendes

91 3865 223 3952 ursaque
245 3867 371 3954 ingenii
394 3866 587 3954 explicabis3
609 3878 705 3952 atque
727 3865 858 3951 putabis
880 3887 945 3928 non
966 3866 1120 3930 minorem
1136 3878 1168 3930 te
1184 3866 1319 3954 gratiam

92 3963 177 4052 Regis
207 3969 270 4033 mei
304 3968 506 4044 meriturum,
540 3967 566 4030 si
600 3966 661 4031 boc
692 3967 850 4033 Danicum
880 3966 1034 4032 everteris
1060 3966 1320 4054 impedierisque,

91 4087 176 4150 quam
206 4070 283 4133 iniit
316 4069 464 4146 Diehius‚
492 4091 566 4132 cum
594 4068 653 4133 hoo
676 4081 822 4132 nostrum
844 4090 918 4131 curu
941 4066 1117 4131 Ordinibus
1138 4067 1320 4133 conficeret,

165 4168 271 4233 Unum
294 4170 391 4233 video
413 4169 590 4235 maximum
607 4181 834 4256 argumentum
849 4168 921 4231 fore
937 4167 1121 4243 Ordinibus,
1138 4180 1176 4235 ut
1190 4169 1320 4254 quidam

92 4265 207 4333 illomm
231 4270 410 4355 judicaturi
437 4270 501 4334 sint
524 4267 684 4334 Dacicum
708 4268 769 4334 sibi
792 4268 939 4345 salutare,
964 4268 1047 4354 quod
1072 4291 1145 4354 spes
1166 4269 1209 4333 sit
1231 4282 1264 4333 se
1287 4270 1320 4332 in

93 4364 170 4432 hisce
195 4370 350 4458 angustiis
377 4370 445 4435 suis
472 4369 603 4434 Danicis
626 4370 774 4456 pecuniis
797 4368 1000 4434 sublevatum
1023 4368 1076 4448 iri,
1099 4384 1223 4434 nostras
1246 4392 1321 4434 vero

92 4490 135 4530 res
159 4471 191 4533 in
212 4495 248 4535 eo
271 4484 356 4536 statu
380 4494 460 4545 esse,
483 4484 521 4535 ut
544 4470 689 4558 pecuniis
712 4471 828 4534 nostris
851 4470 891 4534 ob
913 4469 1075 4556 propriam
1099 4469 1319 4535 defensionem

92 4566 287 4656 indigeamus.
338 4572 401 4636 Sed
430 4586 466 4636 tu
496 4571 556 4635 hoc
578 4571 673 4636 facile
697 4572 854 4637 refutabit
877 4569 1087 4647 ostendendo,
1111 4570 1246 4636 Ordines
1269 4571 1321 4635 vel

94 4670 232 4755 exiguam
267 4674 343 4738 inde
380 4672 549 4759 pecuniam
588 4673 640 4736 vel
677 4687 763 4737 certe
800 4673 860 4735 sub
893 4672 1045 4757 gravibus
1078 4671 1321 4735 condicionibus
