3314 5362
442 639 575 704 Interim
598 660 647 702 res
669 651 784 701 nostrae
806 660 880 701 oum
904 637 1034 701 Polonis
1056 636 1136 701 mire
1152 637 1336 701 miscentur.
1367 635 1463 701 Nosti
1480 659 1609 700 annuas
1632 686 1638 699 .

357 740 503 805 inducias
537 762 605 805 csse
638 739 830 803 constitutas
867 760 950 801 anno
985 737 1112 814 abhinc,
1146 752 1183 801 ut
1215 737 1307 801 nobis
1341 737 1487 823 spacium
1520 754 1608 801 esset

357 841 465 928 quiete
488 841 528 905 de
552 839 714 926 sopiendis
736 839 961 903 controversiis
984 838 1100 903 nostris
1124 837 1251 925 agendi.
1302 838 1463 926 Urgemus
1488 852 1608 902 tracta-

357 956 443 1022 tum;
467 956 504 1005 ut
525 953 642 1005 cuncta
663 938 789 1004 meliori
811 940 914 1003 forma
932 939 1020 1015 fiant,
1037 939 1172 1003 candide
1187 962 1347 1027 rogamus.
1377 939 1609 1004 Remittuntur

357 1043 450 1107 nobis
482 1041 585 1106 aculei
618 1040 801 1118 verborum,
834 1053 932 1104 testes
965 1039 1126 1104 alienioris
1159 1039 1268 1117 animi,
1296 1053 1329 1104 et
1351 1040 1437 1126 quod
1459 1038 1608 1104 induciae

357 1156 473 1208 nostrae
506 1166 548 1207 ex
581 1154 671 1228 parte
701 1138 897 1205 Polonorum
924 1141 1079 1204 trahendo
1102 1140 1322 1226 lucrandoque
1345 1140 1484 1227 tempori
1508 1141 1609 1205 desti·

357 1257 440 1309 natae
462 1255 577 1307 essent.
622 1242 687 1306 Hic
710 1243 790 1306 adeo
813 1241 943 1328 opacis
965 1264 1001 1305 ac
1023 1241 1266 1327 tranquillitatis
1289 1242 1395 1306 studio
1418 1242 1518 1306 alieni
1544 1265 1608 1306 sar·

358 1344 458 1409 casmi
490 1342 708 1409 intolerabiles
741 1342 833 1407 nobis
860 1342 921 1407 visi
949 1355 1031 1417 sunt,
1060 1365 1134 1407 cunr
1156 1341 1203 1405 nil
1225 1342 1289 1406 nisi
1310 1342 1438 1406 fraudes
1460 1342 1607 1406 adversae

358 1446 458 1532 partis
491 1457 698 1523 testarentur;
724 1457 821 1530 atque
848 1444 922 1507 ideo
950 1444 980 1507 S.
1004 1444 1040 1507 R.
1064 1443 1177 1507 Mztem
1199 1443 1408 1521 induxerunt,
1432 1457 1470 1507 ut
1493 1458 1607 1529 ceptus

357 1545 504 1611 inducias
538 1546 701 1631 prorogari
735 1543 774 1607 ad
807 1544 938 1608 modum
972 1543 1129 1608 usitatum
1157 1543 1266 1623 nollet,
1289 1557 1359 1608 tum
1383 1558 1420 1608 ut
1442 1544 1608 1608 Polonum

359 1648 398 1711 ad
427 1647 599 1732 justiorem
632 1644 903 1733 sincerioremquc
935 1658 1108 1710 tractatum
1143 1646 1231 1732 pacis
1264 1645 1441 1731 pelliceret,
1469 1645 1498 1708 si
1527 1645 1607 1732 quid

358 1747 487 1812 candidi
511 1747 649 1833 seriique
673 1746 827 1823 subesset,
850 1759 920 1811 tum
943 1758 979 1811 ut
1000 1746 1079 1810 belli
1097 1747 1219 1831 justam
1242 1745 1375 1810 haberet
1397 1759 1607 1832 potestatem,

357 1849 385 1912 si
407 1846 572 1912 communi
594 1870 697 1911 causae
719 1870 777 1933 per
799 1846 965 1911 Poloninm
983 1847 1109 1932 judicio
1129 1848 1315 1923 amicorum,
1332 1869 1403 1911 eam
1419 1847 1607 1911 restitutam

356 1949 569 2035 cupientium,
592 1948 737 2013 succurri
759 1947 902 2012 deberet.
946 1946 1180 2032 Rescripsimus
1200 1971 1276 2034 crgo
1297 1947 1459 2033 preterita
1474 1947 1606 2033 hyeme,

358 2062 392 2114 et
425 2061 599 2113 tractatum
631 2049 730 2136 pacis,
764 2060 891 2113 retenta
921 2048 1052 2112 interim
1087 2048 1164 2112 belli
1198 2062 1369 2133 potestate,
1397 2048 1501 2113 donec
1525 2049 1607 2136 quid

357 2151 478 2215 certius
512 2161 596 2213 esset
628 2148 850 2223 constitutum,
885 2148 1033 2226 ursimus,
1061 2163 1156 2235 atque
1180 2149 1219 2212 ad
1241 2148 1331 2212 binas
1354 2162 1486 2213 senatus
1509 2150 1607 2214 Polo·

357 2250 423 2315 nici
445 2250 555 2315 literas
577 2250 627 2314 bis
649 2249 874 2337 respondimus
896 2249 1010 2314 eodem
1031 2262 1222 2337 argumento
1238 2250 1273 2333 ¹).
1310 2249 1435 2313 Verum
1458 2250 1509 2314 his
1525 2252 1607 2337 ipsis

358 2351 473 2416 diebus
503 2350 681 2415 redduntur
707 2351 800 2414 nobis
827 2349 928 2415 literoe
951 2363 1133 2414 senatorum
1157 2349 1383 2414 Polonicorum
1405 2351 1489 2415 datae
1513 2351 1607 2416 War-

358 2452 454 2516 saviae
479 2457 507 2538 ¹1³
532 2451 660 2536 traji²)‚
683 2452 768 2537 stylo
791 2450 939 2514 nonnihil
960 2451 1129 2514 immutato
1151 2464 1184 2515 et
1206 2451 1318 2538 magia,
1341 2473 1438 2537 quam
1463 2467 1551 2527 ante,
1567 2454 1606 2518 ad

358 2553 585 2639 decipiendum
607 2566 806 2639 comparat03
830 2552 957 2638 quibus,
979 2564 1017 2615 ut
1038 2565 1155 2615 cuncta
1176 2551 1347 2616 videantur
1366 2551 1482 2616 maiori
1498 2554 1606 2617 studio

359 2677 464 2741 agere,
488 2655 586 2719 etiam
609 2654 730 2741 Regem
754 2676 861 2718 meum
885 2653 923 2716 ad
946 2652 1086 2716 confinia
1101 2650 1333 2739 Litho[va]niae
1348 2652 1502 2731 invitant,
1519 2654 1607 2718 facta

358 2778 415 2841 spe
448 2768 484 2820 ut
517 2755 587 2819 Rex
622 2752 762 2817 Poloniae
796 2753 910 2818 eodem
943 2766 1087 2838 tempore
1116 2752 1260 2817 Wilnam
1288 2752 1414 2831 veniat;
1441 2777 1517 2818 cum
1541 2778 1605 2818 non

359 2857 448 2944 pacis
475 2853 602 2940 cupido,
630 2853 686 2918 sed
709 2854 835 2918 lucrum
857 2853 1012 2939 temporis
1033 2853 1305 2940 consiliorumque
1329 2868 1513 2919 nostrorum
1537 2879 1606 2941 per·

358 2955 500 3021 turbatio
523 2955 690 3019 verissima
713 2978 748 3018 ac
771 2955 868 3018 unica
889 2955 959 3019 eius
981 2976 1077 3018 causa
1100 2953 1151 3017 sit.

444 3054 524 3120 Cum
558 3055 669 3141 itaque
703 3054 733 3119 S.
767 3056 804 3121 R.
839 3055 935 3120 Musa
968 3055 1077 3119 videat
1109 3077 1159 3118 ree
1193 3078 1266 3119 suas
1297 3079 1450 3143 magnum
1480 3080 1523 3120 ex
1546 3056 1605 3120 hac

359 3157 565 3222 consiliorum
590 3156 818 3221 incertitudine
842 3179 955 3243 capere
977 3155 1206 3220 detrimentum
1230 3179 1266 3219 ao
1287 3155 1451 3234 retrolabi,
1470 3157 1606 3243 Regem·

360 3280 422 3345 que
457 3257 630 3323 Britanniae
663 3271 697 3322 et
730 3257 809 3321 alios
841 3257 875 3321 in
908 3279 1007 3320 causa
1040 3256 1203 3320 communi
1233 3255 1376 3320 studium
1400 3255 1430 3320 S.
1455 3258 1493 3321 R.
1518 3258 1605 3322 Mttis

360 3359 494 3446 probare
528 3359 668 3444 quidem,
703 3357 759 3422 sed
793 3359 838 3422 ita
870 3357 1004 3420 consilia
1037 3356 1186 3443 dirigere,
1220 3380 1256 3421 ac
1283 3357 1310 3420 si
1339 3358 1369 3421 S.
1393 3357 1485 3421 Mais
1508 3381 1606 3444 opera

360 3482 446 3522 nunc
478 3459 608 3545 quidem
641 3482 705 3522 non
733 3459 910 3546 indigeant,
933 3458 1007 3522 ideo
1030 3459 1101 3522 Rex
1124 3480 1214 3521 meua
1237 3458 1420 3544 acceptavit
1442 3458 1526 3522 hanc
1550 3482 1605 3522 ex·

361 3560 558 3624 cusationem
588 3560 686 3647 Regis
714 3560 897 3635 Brit-anniae,
922 3572 957 3623 ut
979 3582 1021 3622 ex
1043 3580 1194 3643 responso
1217 3558 1347 3623 domino
1370 3558 1508 3644 Spenaio
1530 3560 1604 3624 dato

360 3659 492 3723 uberius
525 3659 688 3746 intelliges
701 3663 737 3743 3).
787 3660 1009 3747 Animumque
1036 3682 1121 3723 nuno
1146 3660 1185 3724 ad
1207 3682 1257 3724 rea
1280 3682 1353 3723 suas
1376 3659 1547 3747 applicuit,
1569 3673 1605 3724 ut

445 3845 466 3908 ¹)
483 3849 531 3899 Om
551 3850 642 3899 denua
659 3850 778 3912 tldlgare
795 3849 972 3911 bretrtxllng
984 3848 1046 3897 med
1060 3848 1237 3912 polaclrarnc,
1249 3863 1278 3899 so
1291 3848 1375 3898 olvan
1389 3849 1440 3898 Nm
1455 3853 1485 3898 21
1501 3850 1552 3900 och
1564 3854 1604 3898 44.

444 3928 465 3991 ¹)
484 3932 585 3982 H'arom
603 3947 632 3982 se
651 3934 742 3983 nedan
761 3933 812 3982 sid.
831 3936 862 3982 98
882 3938 939 3982 not.
959 3929 986 3993 ¹).

444 4013 466 4075 ³)
484 4015 534 4066 Om
552 4017 647 4080 Spens'
665 4017 835 4066 instrnktlon
854 4017 884 4066 at
902 4016 927 4065 d.
949 4021 979 4065 lt
998 4017 1071 4066 Mars
1092 4020 1165 4075 1625,
1183 4031 1241 4066 som
1259 4017 1348 4066 finnes
1366 4020 1375 4066 t
1395 4017 1494 4068 Public
1510 4019 1604 4067 record

360 4100 446 4161 office,
465 4100 589 4161 London,
608 4116 637 4151 se
655 4102 902 4165 Schybargson,
928 4099 1221 4165 Underaanatiaqama
1238 4117 1278 4151 ora
1295 4116 1329 4150 ca
1340 4102 1493 4164 enascatur
1506 4102 1605 4151 allam

362 4189 536 4244 tter-1625,
557 4184 608 4233 ald.
628 4188 667 4233 97.
704 4185 756 4235 Til]
775 4186 887 4247 Sverige
907 4184 1026 4234 anltnde
1044 4184 1100 4233 han
1118 4186 1189 4235 ib'rst
1207 4187 1216 4235 i
1235 4185 1299 4247 Mai.
1335 4185 1414 4235 Hans
1432 4188 1603 4250 proposition

360 4270 448 4319 finnea
466 4268 476 4317 i
494 4268 628 4319 odaterad
646 4270 731 4332 kopla
747 4271 758 4318 l
775 4268 959 4328 lesarkiret‚
978 4270 1102 4332 anglica,
1121 4269 1350 4330 Fdrhandlingar.
1386 4269 1442 4318 'l'ill
1461 4271 1517 4320 den
1534 4285 1603 4319 reso·

360 4354 458 4414 lutlon‚
476 4353 530 4403 han
549 4352 637 4403 erholl
656 4354 685 4401 at
702 4353 859 4416 konungen,
878 4354 966 4401 finnaa
983 4352 1071 4402 bland
1085 4353 1229 4403 kenelerns
1242 4353 1434 4418 egenhtndiga
1447 4355 1603 4418 Koncepter

359 4438 405 4487 tlll
432 4437 531 4499 Kongl.
559 4437 622 4486 bref
647 4436 876 4497 (Oxenstlornska
898 4436 1064 4499 aamllngen)
1082 4437 1129 4486 tud
1146 4438 1277 4501 koncept,
1295 4438 1343 4487 det
1360 4452 1414 4487 ena
1433 4439 1602 4503 uttdrligare‚

361 4536 424 4570 men
450 4522 513 4571 mod
538 4519 669 4584 pdskrilt:
700 4521 779 4569 »Haec
802 4520 913 4583 quidem
932 4524 973 4570 lta
990 4521 1071 4571 initio
1091 4521 1204 4572 decreta
1222 4522 1342 4579 luerunt,
1361 4522 1411 4571 sed
1431 4523 1601 4585 postmodum

360 4609 468 4654 mutata
485 4606 625 4654 sententia
641 4618 753 4669 prorsus
771 4606 935 4665 annlhssata,
954 4607 1063 4670 ullaque
1081 4606 1214 4655 resolutio
1234 4605 1297 4654 dzno
1316 4605 1433 4668 Speusio
1453 4606 1545 4665 data»,
1557 4606 1602 4654 det

360 4688 448 4737 andra
475 4688 608 4739 dateradt
634 4689 659 4737 d.
684 4693 714 4738 31
740 4688 794 4752 Maj
814 4689 865 4739 och
884 4690 1186 4740 olrarenastitmmanda
1204 4690 1267 4740 med
1285 4690 1437 4753 originalet
1456 4690 1485 4739 st
1502 4704 1601 4739 samma
