3244 5334
326 437 388 501 300

369 604 484 690 Itaque
518 604 543 667 si
576 604 683 690 placet
711 604 852 689 Principi
876 616 942 679 tuo,
966 603 992 666 si
1014 602 1104 667 illius
1126 601 1322 667 Celeitudini
1345 602 1530 666 consttltum

281 704 444 788 judicatis,
479 717 515 767 ut
548 706 619 768 Rex
653 728 742 769 meus
768 705 879 768 futura
905 715 1015 767 aestate
1041 703 1161 779 veniat,
1184 715 1361 788 praeparate
1385 725 1442 766 voe
1464 703 1531 765 ani·

285 827 353 869 moe
386 805 569 881 hominum
603 806 771 892 providete
800 805 882 891 Regi
909 825 980 866 meo
1003 804 1043 866 dc
1066 826 1130 867 uno
1152 803 1294 867 alterove
1318 803 1390 867 loco
1413 802 1447 865 in
1470 803 1531 867 Po-

284 907 435 981 menania,
464 905 519 968 ubi
547 906 690 992 appellat
716 918 750 969 et
776 905 955 969 exercitum
977 917 1119 988 exponat
1140 904 1338 990 f01·metque;
1361 903 1531 990 adiungite

284 1007 388 1070 socios
422 1021 454 1070 ct
488 1008 617 1082 amicos,
644 1022 678 1070 et
705 1030 762 1093 pro
784 1018 871 1071 certo
893 1005 1024 1080 credite,
1048 1004 1078 1067 S.
1102 1006 1138 1068 R.
1164 1004 1274 1068 blztem
1297 1027 1355 1090 pro
1379 1004 1530 1089 Principe

284 1120 341 1172 tuo
374 1107 509 1192 eiusque
538 1120 624 1171 statu
649 1122 745 1193 atque
768 1107 883 1171 ceteris
907 1106 1073 1170 amicitae
1096 1128 1216 1190 suaque
1240 1104 1346 1168 omnia
1368 1104 1531 1190 periclita-

285 1221 390 1271 turam
424 1231 483 1273 nec
517 1207 688 1294 quicquam
722 1208 881 1272 facturam
914 1207 1086 1292 reliquum.
1113 1229 1177 1292 quo
1200 1205 1312 1269 sistere
1335 1206 1436 1269 hostis
1459 1229 1530 1291 pro·

284 1331 427 1394 gressum
451 1321 485 1372 et
506 1311 672 1373 restituere
697 1309 766 1372 Deo
782 1309 919 1392 juvante
939 1306 1115 1392 collapsam
1131 1330 1197 1371 rem
1216 1306 1329 1392 poesit3
1352 1330 1423 1392 quae
1440 1319 1531 1369 tanto

284 1410 437 1473 videntur
463 1409 608 1472 faciliora
634 1409 753 1487 futura,
778 1421 897 1495 quanto
920 1408 1020 1471 tnaior
1042 1409 1151 1471 futura
1173 1408 1235 1471 erit
1256 1407 1441 1471 coniunctio
1465 1406 1531 1470 ani·

286 1532 409 1573 morum
444 1534 480 1573 ac
514 1509 721 1573 consiliorum
757 1510 882 1595 Regum
917 1507 981 1573 mei
1014 1531 1050 1572 ac
1085 1508 1204 1581 Danise
1233 1508 1348 1571 iisdem
1376 1506 1531 1591 periculis

286 1609 509 1674 obnoxiorum.

370 1710 484 1789 Quaeso
518 1710 599 1774 banc
630 1733 734 1774 meam
761 1723 869 1774 tecum
892 1709 1152 1774 communicandi
1174 1710 1401 1773 confidentiam
1424 1720 1531 1772 statue

288 1810 446 1896 proficisci
479 1834 523 1874 ex
556 1811 678 1897 optimo
711 1812 745 1874 in
779 1825 811 1874 te
846 1810 961 1889 animo,
997 1825 1175 1896 cunctaque
1208 1811 1290 1874 bene
1319 1811 1531 1894 interpretem

287 1924 383 1997 atque
406 1912 533 1975 interim
557 1934 686 1997 operam
709 1910 759 1983 da.
783 1911 918 1997 utquid
943 1912 1070 1996 placeat
1093 1910 1294 1983 vestratibus,
1315 1910 1443 1996 etquid
1460 1909 1531 1973 fieri

286 2036 303 2075 e
337 2035 370 2075 re
396 2026 503 2075 vestra
530 2013 659 2097 putetis,
687 2012 767 2076 mihi
790 2010 964 2096 significes,
986 2011 1034 2075 ita
1055 2012 1165 2076 isthaec
1188 2011 1370 2095 dijudicans
1393 2032 1451 2095 pro
1474 2024 1532 2074 tna

287 2114 467 2197 prudentis,
491 2113 520 2176 S.
544 2114 581 2177 R.
606 2113 718 2176 Maem
740 2114 850 2176 dtnum
874 2136 980 2177 meum
1004 2124 1037 2176 et
1061 2112 1218 2198 Principis
1240 2112 1288 2175 tui
1308 2110 1407 2175 statui
1427 2112 1532 2175 vereri

286 2226 328 2291 et,
362 2213 420 2277 illo
453 2236 605 2299 oppresso
637 2237 753 2299 oraque
788 2213 884 2276 maris
911 2213 1051 2277 Bnlthici
1074 2213 1113 2276 sb
1138 2212 1284 2276 hostibus
1306 2212 1533 2276 communibus

286 2328 453 2400 occupata,
482 2314 579 2378 facile
607 2314 717 2377 videre
740 2337 798 2376 sata
819 2314 964 2399 pericula
984 2313 1133 2399 ideoque,
1156 2327 1194 2378 ut
1215 2327 1386 2399 utrumque
1408 2326 1533 2376 averta-

286 2427 338 2478 tur
371 2429 403 2477 et
436 2415 657 2499 praeveniatur,
691 2438 789 2501 super
814 2428 921 2478 cetera
948 2428 1103 2499 exoptare
1131 2436 1167 2477 ac
1190 2414 1249 2477 sub
1272 2428 1415 2499 tempore
1438 2436 1531 2477 cona·

286 2527 399 2578 turam.
447 2515 536 2579 Vale.
581 2516 750 2579 Dabantur
773 2514 974 2578 Wolmnrnia
995 2514 1048 2577 die
1072 2516 1091 2578 6
1114 2515 1188 2579 lan.
1212 2518 1275 2577 An.
1300 2515 1391 2577 1626.

371 2654 566 2717 Egenhandlgt
584 2655 705 2717 koncept
723 2656 731 2702 i
751 2653 935 2713 Rikaarkivet‚
954 2654 1172 2704 Oxenstiernska
1190 2654 1350 2715 samlingen.

809 2857 1010 2865 .-.-----

286 3111 352 3166 lan.
394 3109 594 3178 Privilcgier
614 3112 669 3165 fer
690 3109 855 3166 wolmar.
1043 3108 1198 3165 Wolmar
1220 3109 1254 3165 d.
1276 3110 1312 3164 12
1333 3109 1412 3164 Jan.
1434 3111 1533 3165 lasa

371 3319 427 3381 Ich
451 3318 552 3383 Axell
574 3319 780 3393 Oxenstiern‚
803 3318 948 3403 freyhcrr
970 3342 1008 3381 zu
1031 3318 1200 3383 Krometto
1222 3317 1264 3403 [ot
1287 3318 1436 3404 Kimito]‚
1457 3318 1533 3382 herr

288 3442 326 3481 au
351 3419 508 3482 Eckholm
531 3418 572 3504 [ez
597 3417 740 3504 Fiholm]
763 3420 844 3483 undt
865 3419 981 3503 Tijdeo
1005 3435 1066 3484 etc.
1090 3421 1191 3497 rittcr‚
1208 3419 1263 3483 lbr
1279 3419 1410 3505 Konigl.
1428 3421 1533 3504 Mayzt

287 3520 352 3583 und
387 3520 443 3583 dci·
476 3520 595 3583 Reicbc
630 3519 805 3584 Schweden
833 3521 906 3584 rsht
933 3521 1014 3584 undt
1039 3519 1207 3598 cancellar,
1231 3519 1289 3583 thu
1312 3519 1427 3584 hiemit
1449 3521 1531 3584 ider·

287 3619 529 3704 manniglichcn
564 3621 669 3685 kundt
698 3622 763 3684 und
791 3645 830 3684 zu
859 3621 985 3697 wisscn,
1008 3622 1080 3684 dass
1103 3620 1283 3684 nachdehm
1305 3620 1357 3684 ich
1381 3644 1444 3684 von
1468 3637 1532 3685 etz·

286 3719 392 3784 lichen
415 3743 605 3805 gewescnen
629 3722 769 3807 biirgern
792 3722 825 3784 in
850 3722 1008 3799 wanden,
1032 3722 1115 3785 auch
1138 3721 1254 3786 andere
1277 3736 1356 3808 gnte
1378 3721 1479 3799 lente,
1495 3745 1531 3785 so

286 3821 351 3884 lust
380 3822 443 3885 und
472 3822 556 3885 liebe
579 3821 683 3885 haben
707 3822 759 3884 die
782 3823 867 3885 stadt
889 3823 1084 3887 wiederumb
1106 3846 1146 3885 zu
1168 3821 1321 3898 bcbauen,
1346 3820 1398 3885 bin
1422 3836 1531 3887 unter-

286 3920 490 4007 dienstl[ich]
523 3922 744 4007 angemuhtet‚
778 3921 876 3986 ihnen
909 3922 961 3987 die
996 3923 1058 3987 alte
1093 3924 1274 4009 privilegis,
1302 3944 1337 3985 so
1364 3923 1411 3985 sie
1435 3937 1533 3987 nnter

286 4023 343 4086 der
376 4022 591 4087 Pohlnischen
625 4024 800 4109 regiernng
833 4023 1025 4087 bekommen
1058 4025 1123 4088 und
1158 4045 1325 4111 genossem
1353 4046 1391 4085 zu
1416 4024 1531 4088 confir·

286 4122 403 4199 miren3
438 4146 472 4186 so
505 4123 679 4187 aldieweill
708 4124 759 4188 ich
788 4147 964 4210 genugsam
989 4124 1070 4188 habe
1093 4123 1272 4187 abnehmen
1295 4124 1434 4199 konnen,
1458 4125 1531 4188 dass

286 4224 396 4287 solche
431 4224 665 4311 biirgerschafft
693 4225 785 4288 nicht
812 4225 909 4288 allein
932 4226 989 4288 der
1011 4225 1096 4289 stadt
1118 4223 1201 4287 hoch
1225 4225 1328 4311 nbtig,
1353 4224 1530 4288 besondern

287 4321 370 4386 auch
392 4323 448 4387 der
470 4325 568 4388 crohn
592 4325 768 4389 Schweden
791 4325 865 4390 sehr
887 4325 1033 4388 niitzlich
1058 4325 1121 4388 und
1145 4325 1328 4389 bedienlich
1350 4324 1430 4402 sein,
1447 4325 1530 4389 ohne

286 4422 391 4487 denen
415 4425 467 4488 die
490 4427 575 4490 stadt
596 4426 687 4489 nicht
710 4450 748 4489 zu
771 4428 880 4491 rechte
904 4449 944 4489 zu
968 4426 1112 4512 biiuges,
1136 4427 1198 4489 alsa
1220 4425 1303 4489 habe
1326 4425 1378 4489 ich
1398 4426 1532 4490 soleben

286 4522 379 4587 ihren
413 4526 722 4590 unterdienstlichen
756 4528 987 4593 bittentlichen
1022 4525 1186 4590 ananchcn
1219 4525 1309 4590 nicht
1336 4526 1531 4614 abschlagen

286 4625 425 4691 konnen.
461 4626 637 4691 bcsondern
672 4627 783 4691 rahum
816 4627 857 4712 [οι
885 4627 989 4713 raum]
1017 4628 1098 4691 undt
1126 4628 1226 4690 stadtt
1248 4651 1287 4691 nu
1311 4627 1416 4715 geben
1439 4629 1531 4714 nbtig
