3314 5362
1245 449 1284 513 95

93 640 153 681 rem
182 640 384 682 communem
418 616 555 685 restitui.
585 614 861 680 consultissimum
885 614 1069 700 judicarent
1091 629 1123 679 et
1144 615 1327 679 moximec

93 741 123 782 re
150 719 311 782 communi
346 740 432 782 arms
457 731 566 782 nostre
586 717 681 792 serre,
703 738 814 781 versus
836 715 1057 791 Poloniamnc,
1080 739 1120 780 au
1142 716 1176 780 in
1199 717 1328 780 Germe·

93 818 178 896 niam,
210 820 285 883 Rex
318 841 408 883 meus
442 842 501 883 nec
534 817 725 883 continuere
755 818 899 904 potuerit
927 817 1075 882 inducias
1097 840 1170 881 cum
1194 816 1327 892 Polono‚

93 942 145 983 nec
164 920 243 983 certi
265 919 388 1006 aliquid
411 919 451 984 ds
474 941 553 1006 poce
576 918 703 983 bellove
724 941 799 982 cum
822 918 880 982 illo
901 918 994 983 hoste
1014 918 1224 997 constituere3
1249 919 1328 1006 quin

93 1020 191 1105 potins
212 1043 252 1083 eo
275 1021 411 1085 consilis
433 1043 489 1084 suo
511 1020 651 1107 dirigere
673 1019 823 1084 habuerit
844 1041 984 1097 necesse,
1008 1033 1046 1083 ut
1067 1032 1150 1083 esset
1172 1019 1233 1084 sibi
1245 1019 1328 1104 justi

93 1121 161 1186 belli
186 1135 340 1207 potestas,
367 1120 394 1184 si
421 1142 479 1206 per
501 1120 668 1184 Polonism
692 1132 748 1184 ιιι
770 1119 909 1185 ditiones
932 1120 1055 1185 Polono
1075 1120 1238 1185 subiectos
1261 1144 1327 1185 rem

91 1243 286 1286 communem
314 1221 442 1286 restitui
468 1220 567 1286 ceteri
596 1220 691 1284 amici
713 1234 879 1308 cuperent.
924 1221 1043 1307 Magna
1065 1221 1132 1285 hac
1154 1221 1329 1286 difficultas

91 1335 135 1386 est
163 1346 198 1386 sc
232 1324 266 1386 in
294 1322 438 1386 consiliis
467 1321 508 1386 de
530 1321 697 1408 republica
717 1321 883 1408 capiendis
905 1322 1039 1386 maximi
1061 1322 1139 1386 meli
1162 1322 1234 1386 loco
1256 1344 1328 1386 cen·

92 1561 200 1624 denique
219 1562 323 1612 affectu
340 1561 451 1612 facilius
469 1587 503 1595 —
521 1563 545 1610 si
563 1561 630 1624 quid
649 1561 731 1611 iacile
750 1560 805 1611 dici
823 1566 917 1625 potest
934 1562 963 1611 in
981 1576 1011 1611 re
1029 1566 1086 1611 tam
1104 1562 1190 1611 erdus
1203 1588 1235 1596 -
1247 1577 1328 1625 quam

92 1647 156 1695 illud
172 1660 221 1709 per
239 1645 402 1696 Cessubism
421 1660 454 1695 sc
472 1645 622 1695 Poloniam.

167 1730 297 1792 lingnam
319 1744 427 1793 quoque
446 1730 553 1794 pondus
571 1729 683 1779 adisset
700 1729 907 1779 Bethlshamins
926 1729 1018 1778 Gsbor
1035 1730 1063 1778 in
1081 1729 1154 1779 hsnc
1172 1736 1288 1793 purtem,
1306 1733 1331 1781 sl

91 1816 112 1862 is
126 1815 235 1864 incitsri
255 1828 289 1864 sc
305 1816 410 1864 moveri
422 1819 525 1877 posset,
539 1818 571 1862 ut
582 1813 635 1863 hoo
647 1813 708 1878 ipso
720 1818 845 1876 tempore
858 1817 888 1863 et
900 1814 936 1863 ed
948 1813 1020 1862 diem
1034 1849 1040 1860 .
1055 1849 1060 1861 .
1074 1850 1080 1861 .
1093 1813 1168 1877 justo
1180 1828 1241 1864 cunr
1255 1830 1331 1865 exer·

92 1900 142 1948 citu
167 1903 199 1947 ιο
227 1902 277 1948 ιιι
302 1902 395 1959 so,000
418 1898 542 1961 equiturn
564 1897 706 1947 PolonIsm
725 1898 876 1947 invaderet.
911 1897 1019 1947 Etenim
1039 1903 1137 1948 cuncte
1155 1898 1250 1948 Poloni
1269 1913 1331 1949 con·

92 1983 149 2031 silla
173 1984 214 2032 its
241 1983 432 2042 turbarentur,
457 1986 488 2030 ut
514 1981 556 2031 illi
579 1980 735 2032 resistendo
758 1981 875 2030 liberum
894 1995 1067 2044 progressum
1086 1982 1110 2031 S.
1131 1982 1159 2030 R.
1178 1983 1239 2032 Mei
1257 1989 1331 2033 essct

90 2080 272 2127 concessurus,
300 2080 333 2115 uc
359 2068 383 2114 si
410 2070 556 2129 utrumque
582 2065 668 2115 veliet
693 2067 720 2115 ri
742 2078 846 2124 arcera,
869 2065 999 2115 sdrarsus
1020 2070 1147 2115 neutrum
1167 2066 1331 2117 suffecturus

90 2156 165 2200 esset.
199 2151 267 2200 (lum
286 2151 375 2214 igitur
391 2151 501 2213 legatus
518 2148 635 2200 Gsborls
647 2164 720 2199 nunc
731 2151 769 2199 sit
781 2148 855 2212 apud
873 2145 1096 2211 Oeisitsudiuem]
1107 2149 1201 2213 ipsius,
1217 2151 1330 2213 dignum

91 2248 150 2283 rsus
175 2235 355 2285 cousiderstu
382 2239 433 2295 ast,
459 2248 532 2284 suna
559 2229 727 2296 Oelsit[ndo]
752 2235 840 2298 ipsius
866 2247 916 2297 per
941 2234 1061 2297 legatum
1084 2248 1146 2283 cum
1169 2235 1277 2284 Gabene
1296 2235 1331 2285 de

92 2319 175 2368 isthuc
201 2318 335 2369 Polonicn
360 2318 501 2368 invasione
524 2317 592 2368 velit
614 2332 696 2381 agere
716 2332 758 2379 sc,
775 2322 807 2367 ιι
825 2322 920 2367 mutus
936 2320 1011 2368 inter
1029 2318 1054 2367 S.
1072 2317 1101 2366 R.
1120 2318 1214 2368 littam
1232 2321 1331 2383 ipsum·

30 2426 31 2429 ι
91 2416 139 2465 que
164 2404 334 2452 confidentis
361 2402 472 2451 incatur
497 2416 547 2467 pro
573 2416 604 2453 ra
629 2403 768 2452 communi
795 2416 828 2452 sc
856 2402 960 2453 Polouo
988 2403 1015 2450 ln
1042 2402 1131 2453 officio
1154 2402 1331 2463 continendo,

30 2470 31 2489 ¹
92 2485 200 2543 edicam
231 2485 464 2550 quemadmodum
494 2486 554 2536 brec
583 2501 713 2550 magnum
742 2493 909 2537 momentum
940 2487 975 2535 sd
1002 2500 1133 2535 summam
1160 2488 1201 2536 rai
1228 2487 1331 2537 habere

93 2568 218 2620 ridentur.

167 2658 292 2718 Aequum
319 2659 456 2717 prestares
477 2659 507 2703 et
529 2668 545 2703 e
566 2668 596 2703 re
614 2656 752 2704 communi
770 2654 831 2713 erit,
849 2658 881 2703 ut
899 2652 1043 2705 Geisltudo
1061 2655 1148 2718 ipsius
1165 2655 1243 2706 hisce
1261 2655 1332 2705 bane

92 2738 254 2799 ponderatis,
277 2738 347 2802 qnid
367 2751 402 2787 sx
419 2752 470 2787 usu
489 2740 534 2798 sit,
552 2742 667 2799 stntnst,
685 2751 745 2787 oum
764 2738 837 2801 Bega
856 2738 951 2787 Derim
970 2744 1054 2801 atque
1073 2742 1172 2789 cetaria
1190 2742 1286 2789 smicis
1305 2745 1334 2789 et

30 2884 31 2897 ἵ
92 2822 281 2872 conimdsrstls
309 2821 457 2881 deliberet,
481 2822 670 2886 perficietque,
693 2828 725 2871 nt
746 2823 801 2873 huc
822 2824 920 2884 iegati,
938 2825 1010 2874 slent
1028 2822 1132 2871 dictum
1152 2829 1204 2884 est,
1222 2825 1333 2873 mittan·

30 2946 32 2965 ,
92 2911 132 2954 tur
156 2906 190 2955 sd
212 2910 245 2955 30
264 2907 351 2966 Junii,
369 2920 424 2969 quo
443 2906 478 2957 de
496 2908 623 2957 omuibus
641 2908 724 2971 plene
742 2920 775 2956 sc
794 2909 959 2970 tempestive
978 2907 1152 2967 decernatur,
1170 2907 1237 2971 quid
1256 2907 1333 2957 lucto

30 2974 32 3039 ?
92 3003 154 3052 epus
179 2993 225 3051 sit,
253 2994 282 3040 ιι
302 3004 339 3039 na
361 2991 402 3039 rei
420 2991 548 3053 gerendae
566 2995 684 3053 tempus,
701 2991 777 3040 hisce
796 2992 968 3054 potissimum
987 2992 1057 3039 locis
1075 2991 1155 3039 reida
1174 2993 1334 3055 pretiosum,

30 3062 31 3107 7
93 3075 309 3134 praeterlabetur.
354 3072 458 3122 Futura
484 3080 574 3124 eutem
597 3074 643 3124 hic
666 3079 749 3124 erunt
766 3075 858 3124 omnis
875 3078 982 3137 parate,
1001 3088 1061 3137 qous
1080 3076 1205 3138 praestari
1225 3090 1241 3123 ι
1260 3075 1284 3123 S.
1304 3076 1333 3124 R.

30 3192 32 3207 ,
94 3156 152 3207 lise
168 3158 288 3216 debant3
306 3170 359 3207 neo
378 3160 462 3220 culpe
479 3171 563 3208 mora
580 3158 646 3218 ullo,
664 3156 747 3207 modo
764 3160 841 3208 nsrri
860 3160 902 3208 rei
918 3158 1045 3223 gerendus
1063 3172 1080 3206 s
1097 3158 1239 3208 laederetis
1258 3158 1335 3209 colli·

30 3216 31 3239 ¹
93 3241 169 3302 rendi
186 3248 292 3306 priuato
310 3242 375 3302 sint,
393 3256 426 3291 ac
444 3242 469 3291 S.
487 3242 517 3291 R.
537 3241 611 3291 listis
628 3244 778 3305 propositis
797 3243 1009 3297 condicionibus
1026 3242 1207 3292 sadsisctum.

30 3328 31 3331 ’
170 3326 236 3376 Herc
254 3328 316 3375 viss
333 3330 398 3375 sunt
416 3327 508 3390 digne,
526 3338 587 3388 ques
606 3340 667 3375 cnm
685 3326 858 3377 celsitudine
876 3328 963 3390 ipsius
981 3328 1259 3386 communicarantur,
1277 3330 1334 3375 tum

30 3418 31 3433 ¹
94 3422 123 3457 ne
147 3410 294 3459 mittendis
322 3411 422 3473 aaepius
449 3411 548 3473 legstIa
575 3414 681 3474 tempus
708 3411 918 3473 protraheretur
940 3410 1086 3469 inutiliter,
1107 3410 1155 3459 sed
1176 3415 1207 3459 ut
1224 3416 1335 3471 cuncte,

94 3495 174 3543 saluti
191 3497 220 3544 in
239 3493 338 3542 tsbuls
356 3495 445 3543 oculis
463 3495 583 3554 obiecta,
601 3494 753 3543 faciliorem
774 3494 808 3544 de
826 3495 908 3543 rebus
927 3494 1156 3545 deliberationem
1176 3495 1334 3558 redderent.

169 3578 195 3627 8.
214 3578 244 3626 R.
264 3577 346 3626 litias
364 3582 456 3626 sutem
471 3592 527 3628 non
542 3578 623 3628 modo
636 3580 741 3640 optime
753 3582 837 3641 atque
851 3577 1017 3627 amicissime
1030 3578 1083 3627 sibi
1096 3579 1130 3627 de
1143 3578 1335 3628 Illustrissimo

94 3660 213 3711 electore
241 3661 473 3725 Brendaburglco,
495 3661 576 3710 odius
595 3665 680 3725 etque
698 3662 903 3725 consanguineo
922 3676 971 3711 suo
990 3662 1161 3723 charissimo,
1179 3663 1336 3725 pollicetur,

93 3746 137 3795 ssi
161 3760 196 3795 ao
218 3746 248 3796 iu
271 3745 347 3795 illius
372 3745 570 3796 Oelsitndiuam
588 3751 732 3808 totamque
751 3746 862 3796 domum
880 3746 1134 3808 Brsudeburgicnm
1153 3747 1257 3796 effectu
1277 3762 1336 3809 pro·

94 3830 199 3892 pendet,
218 3834 249 3878 ιι
267 3833 297 3878 ιι
314 3828 357 3879 1111
376 3832 562 3893 prosperrima
579 3844 694 3893 quasque
713 3831 844 3879 snimItus
862 3835 978 3893 exoptet
996 3835 1025 3880 et
1042 3835 1240 3894 compressior,
1257 3837 1294 3889 st,
1313 3830 1336 3878 si

94 3914 154 3974 quid
180 3914 332 3964 intortunii
359 3912 400 3961 illi
427 3913 580 3976 continget,
607 3914 636 3965 ld
662 3928 716 3963 nou
743 3915 834 3963 minus
861 3928 931 3978 segre
959 3928 1041 3977 quarn
1068 3928 1146 3964 auum
1173 3913 1210 3965 ait
1233 3914 1336 3965 laturo:

95 3996 346 4060 Oslaitudlnamque
367 3999 454 4060 Ipsius
476 3996 635 4048 certsm'ds
653 4011 700 4046 aus
720 3998 865 4048 voluntate
884 4012 917 4048 sc
936 3999 1091 4047 intentione
1109 4010 1170 4046 ease
1189 4000 1292 4060 cupiet,
1311 3996 1336 4044 S.

95 4078 121 4127 R
144 4082 238 4132 litem
265 4095 316 4144 pro
342 4082 432 4131 seluta
459 4083 545 4145 ipsius
568 4080 747 4130 celsitudinis
770 4095 803 4130 sc
821 4081 917 4131 domus
934 4080 1166 4143 Brsudeburgicae
1185 4095 1213 4130 ae
1232 4095 1337 4144 sueque

95 4168 179 4215 omnis
206 4174 326 4228 urgente
352 4166 522 4215 necessitate
549 4166 743 4228 impensurum,
770 4169 809 4225 ut,
834 4166 902 4215 llost
924 4167 977 4215 hoc
994 4165 1092 4224 iaedna,
1111 4165 1146 4215 de
1164 4178 1218 4228 quo
1237 4167 1337 4227 egitur,

95 4249 247 4300 intonentn
274 4250 475 4299 malitiosorum
500 4249 642 4299 hominum
669 4249 894 4313 interrumpetur,
919 4249 1040 4298 sffinltss
1062 4248 1124 4312 ipss
1147 4262 1291 4312 caesaque
1308 4256 1338 4299 et

96 4333 242 4384 animorum
269 4333 429 4383 coniunctio
456 4333 633 4383 nihilominus
660 4335 715 4383 rim
742 4334 855 4384 traderis
882 4336 911 4382 ln
939 4332 964 4381 S.
993 4332 1021 4380 R.
1049 4333 1113 4382 lits
1138 4333 1176 4381 sit
1198 4332 1337 4383 habitura.

96 4414 176 4481 quue
204 4418 230 4468 8.
258 4418 288 4467 s„
317 4418 398 4466 liztas
424 4418 564 4467 dominum
591 4419 715 4480 legetum
740 4417 829 4480 jubat,
853 4422 885 4465 ut
903 4416 1071 4467 celsitudini
1088 4418 1175 4479 ipsius
1193 4432 1244 4480 pro
1262 4424 1338 4467 carto

96 4501 205 4559 reiernts
231 4505 413 4564 exoptstqus,
435 4505 467 4550 nt
489 4501 589 4550 itinere
608 4500 678 4551 bene
698 4502 823 4565 perlecto
841 4503 933 4550 solvus
950 4499 1060 4549 domum
1078 4501 1184 4561 redeat,
1203 4507 1295 4552 certos
1314 4504 1338 4552 S.

97 4581 122 4631 R
145 4587 238 4636 iiztsm
266 4585 321 4649 ipsi
349 4586 452 4648 optime
479 4584 610 4635 siiactum
636 4599 706 4635 ease.
750 4588 849 4635 Actrsm
867 4585 897 4634 in
917 4597 979 4633 arca
997 4584 1203 4636 stokheimensi
1224 4590 1253 4635 10
1273 4586 1339 4634 Meli

97 4668 168 4719 Anno
187 4672 261 4719 itit.
