3244 5334
1221 469 1282 533 299

80 637 162 700 betis
193 635 376 701 offensum?
419 636 608 701 Exercitum
631 636 734 721 ipsius
755 635 996 700 incumbentem
1020 636 1181 714 Marchiae,
1203 637 1238 700 ni
1257 637 1326 720 jarn

78 738 264 815 intraverit3
292 738 450 801 Polonum
479 736 563 800 male
585 735 699 815 fidum3
726 759 785 800 nec
807 749 914 801 tamen
938 759 1024 800 arma
1045 736 1161 821 cupitis
1184 760 1242 823 pro
1264 738 1326 800 tui·

79 837 166 903 tione
201 838 314 910 vestri,
348 862 407 903 nec
441 860 498 901 vos
523 836 669 922 jungetis
691 838 741 911 iis,
764 837 818 922 qui
841 859 967 900 causam
990 859 1193 901 communem
1216 838 1326 902 desen·

78 938 216 1002 dendam
241 938 431 1024 suscipiunt,
454 938 541 1002 nuda
561 937 668 1001 innixi
692 937 864 1001 clementia
885 939 1026 1014 victorin,
1049 960 1145 1024 quarn
1169 937 1226 1002 vix
1241 938 1326 1024 quis-

78 1061 174 1125 quam
200 1039 270 1102 sine
293 1039 409 1126 capit-is
433 1038 649 1102 diminutione
671 1052 826 1124 expertus
848 1053 907 1102 est.

161 1140 321 1204 Dolemus
354 1140 500 1225 profecto
534 1161 572 1202 eo
605 1162 672 1202 rem
707 1139 878 1214 redactam,
912 1156 948 1202 ut
982 1139 1134 1224 Princeps
1160 1151 1234 1203 tuus
1257 1161 1326 1203 esse

78 1241 228 1305 videatur
259 1242 293 1303 iu
327 1253 488 1325 potestate
522 1240 663 1313 victoris,
697 1262 762 1324 qua
791 1262 956 1325 nunquam
984 1262 1017 1303 se
1040 1239 1240 1325 surripuerit,
1262 1241 1325 1304 nisi

78 1340 204 1404 bostem
234 1341 342 1405 animo
370 1364 488 1426 magno
515 1356 549 1404 et
575 1340 669 1403 armis
691 1339 873 1403 removerit.
916 1340 989 1426 Ego
1012 1362 1172 1403 veronen
1198 1363 1326 1426 possum

78 1465 141 1505 nou
176 1464 236 1527 pro
269 1440 503 1505 consuetudine
536 1455 644 1505 nostra
671 1441 801 1526 paulum
828 1441 1019 1504 familiarius
1045 1454 1153 1504 tecum
1177 1464 1271 1526 agere
1294 1455 1327 1505 et

77 1542 213 1606 consiliu
236 1556 343 1605 tecum
367 1543 511 1606 conferre
534 1542 595 1605 hoc
618 1540 889 1627 periculosissimo
911 1564 1016 1605 rerum
1034 1555 1131 1605 statu.
1169 1542 1326 1606 Videmus

77 1657 194 1707 cuncta
230 1642 498 1729 Evangelicorum
532 1665 625 1706 ruere
658 1642 692 1705 in
719 1642 870 1718 deterius,
894 1664 1006 1705 munus
1029 1642 1217 1728 animosque
1241 1644 1326 1729 prin·

77 1744 187 1829 cipum
222 1743 452 1822 collabescere;
480 1742 667 1806 Pontificius
695 1765 795 1806 unum
823 1754 895 1827 post
917 1742 1054 1806 alterum
1078 1743 1232 1828 abripere,
1256 1767 1327 1829 pro-

78 1843 220 1919 trudere,
254 1845 287 1907 in
322 1844 458 1907 exilium
493 1866 597 1929 agere,
626 1842 683 1905 hos
707 1856 743 1906 ut
765 1842 941 1919 haereticos,
964 1843 1037 1906 illos
1062 1856 1097 1906 ut
1119 1844 1265 1921 rebelles,
1290 1869 1325 1908 ac

79 1944 188 2008 nescio
215 1946 308 2007 cuius
330 1968 395 2007 non
418 1944 562 2008 criminis
585 1945 778 2030 postulatos3
801 1966 887 2006 oram
911 1944 1005 2007 maris
1029 1943 1166 2007 Balthici
1192 1946 1270 2030 peti,
1294 1960 1326 2008 et

73 2046 141 2128 jem
165 2047 272 2109 minas
295 2044 407 2132 proiici
431 2044 466 2107 in
488 2044 555 2108 haec
578 2067 677 2129 regua
698 2044 972 2130 septentrionalia.
1016 2045 1110 2106 Adeo
1133 2045 1326 2110 insolescere

77 2144 188 2209 hostes
234 2169 431 2222 communes,
475 2159 511 2209 ut
555 2145 719 2230 Europam
763 2145 848 2208 inter
891 2167 925 2207 se
969 2144 1130 2230 dispertiti
1175 2147 1249 2221 sint,
1291 2170 1326 2211 ac

75 2248 241 2313 destinare
260 2248 330 2330 jam
354 2247 531 2323 Uladislrm,
556 2246 697 2309 Poloniae
720 2245 874 2329 Principi‚
897 2245 1068 2330 imperium
1086 2247 1325 2331 septentrionis.

162 2348 237 2411 Nisi
271 2348 466 2433 tempestive
493 2361 586 2410 eatur
608 2346 747 2421 obviam,
771 2359 878 2409 sctum
902 2368 970 2409 esse
993 2345 1191 2432 consiliaque
1214 2346 1327 2411 diffici-

77 2447 158 2512 liora
192 2448 396 2533 inposterum
430 2449 547 2511 futura.
604 2446 662 2510 Est
694 2447 822 2532 quidem
858 2447 887 2509 S.
921 2447 957 2509 R.
991 2446 1064 2509 Mei
1092 2445 1167 2510 dzno
1194 2470 1266 2511 meo
1294 2462 1327 2511 et

78 2548 193 2634 Regno
221 2548 345 2612 Sueciae
368 2548 488 2612 bellum
511 2571 585 2611 cum
609 2546 732 2610 Polono
754 2571 852 2634 grave
875 2559 908 2610 et
929 2546 1128 2622 diuturnum,
1151 2570 1210 2611 nec
1233 2548 1327 2612 nobis

72 2650 148 2733 jure
184 2649 284 2712 obiici
318 2664 435 2734 potest,
470 2649 551 2713 nihil
585 2671 642 2712 nos
676 2671 733 2734 pro
761 2671 858 2712 carisa
886 2649 1051 2712 communi
1074 2648 1226 2726 laborare,
1249 2649 1326 2713 dum

78 2750 250 2826 Polonum,
274 2751 423 2836 princeps
446 2750 626 2813 Pontificius
648 2749 722 2835 ligre
745 2749 934 2825 membrum,
958 2748 1158 2823 distinemur,
1182 2772 1221 2813 ne
1242 2772 1327 2812 com·

78 2851 174 2914 mode
198 2852 300 2935 possit
323 2850 476 2936 opitulari
499 2850 625 2914 ceteris.
670 2854 732 2912 Ast
755 2849 1003 2935 augescentibus
1027 2849 1179 2935 periculis
1201 2850 1235 2913 in
1252 2848 1327 2914 Ger-

78 2952 197 3029 mania,
227 2950 379 3015 videntur
407 2951 559 3015 Polonicu
587 2951 653 3014 haec
676 2951 748 3035 jure
769 2948 939 3035 paululum
962 2950 1075 3035 seponi
1099 2964 1132 3013 et
1153 2965 1272 3014 cuncta
1293 2952 1327 3012 in

78 3051 138 3116 hac
164 3052 332 3138 provincia
355 3053 393 3115 ad
417 3053 534 3116 nudam
558 3051 777 3115 defensionem
795 3051 922 3136 disponi
939 3050 1064 3127 debere,
1081 3064 1118 3113 ut
1136 3052 1166 3114 S.
1183 3051 1220 3114 R.
1234 3051 1326 3114 lllztas

78 3175 152 3215 curn
190 3154 337 3216 exercitu
371 3152 480 3216 veniat
513 3151 732 3216 laborantibus
766 3150 858 3213 vobis
886 3151 917 3213 in
946 3150 1149 3215 Germaniam
1173 3151 1326 3215 subsidio.

79 3253 150 3318 Rex
186 3254 309 3331 Duniae,
343 3276 427 3317 nune
462 3254 667 3316 coniunctam
700 3251 821 3315 habens
855 3274 945 3314 suam
978 3275 1052 3315 cum
1080 3273 1177 3315 causa
1199 3251 1328 3337 publica

77 3355 237 3427 omnium,
272 3354 430 3439 pugnabit
464 3354 533 3417 siue
567 3354 664 3416 dubio
698 3375 755 3437 pro
788 3367 922 3438 utraque
949 3352 1061 3415 nolens
1089 3352 1278 3437 volensque3
1301 3353 1328 3415 si

77 3455 244 3519 exereitus
277 3453 404 3518 hostilis
436 3455 518 3517 alter
550 3454 609 3517 sub
644 3452 891 3516 Wallensteiuio
924 3453 1147 3527 diverterem,
1179 3454 1328 3538 viresque

78 3556 216 3620 hostiles
239 3555 505 3631 distraherentur,
528 3579 591 3619 non
617 3569 695 3640 puto
718 3554 879 3638 desperari
902 3553 1028 3616 debere.

166 3655 374 3720 Videbantur
406 3655 537 3742 quidem
571 3657 641 3719 Rex
676 3655 785 3718 Daniae
819 3669 853 3717 et
887 3653 1039 3739 Princeps
1066 3667 1140 3716 tuus
1167 3654 1328 3740 praeterito

76 3780 174 3829 anno,
209 3756 315 3820 missis
349 3755 410 3820 huc
444 3756 482 3819 ad
512 3757 633 3842 Regem
661 3778 766 3819 meum
791 3755 907 3841 legatis
930 3755 1006 3831 suis,
1030 3755 1180 3828 voluisse,
1204 3756 1328 3840 iterque

79 3859 164 3944 Regi
200 3880 273 3921 meo
300 3857 333 3920 iu
358 3856 504 3921 Silesiam
529 3858 567 3921 ad
591 3856 729 3921 Oderam
752 3856 887 3918 fluvium
911 3867 1112 3919 monstrasse.
1158 3854 1219 3919 Sed
1242 3855 1329 3918 nole·

78 3959 135 4023 bat
169 3958 200 4021 S.
236 3958 273 4021 R.
302 3958 396 4021 Mztas
422 3957 529 4021 sedem
554 3957 630 4020 belli
652 3958 688 4020 in
711 3956 869 4041 Principis
893 3956 940 4019 tui
963 3955 1138 4019 ditionibus
1161 3954 1328 4031 collocare,

78 4082 139 4123 nec
173 4059 394 4123 Pomeraniam
417 4058 569 4121 oneribus
593 4058 760 4142 utriusque
783 4058 945 4121 exercitus
968 4078 1174 4141 praegravare,
1199 4077 1328 4141 sperans

78 4160 220 4224 detineri
249 4160 375 4222 hostem
404 4182 508 4246 posse,
535 4182 575 4222 ne
601 4171 832 4244 perrumperet,
856 4172 892 4220 ut
914 4157 1066 4220 credibile
1089 4172 1137 4219 est
1160 4156 1258 4219 facile
1281 4179 1329 4220 re·

79 4261 179 4326 tineri
214 4261 371 4342 potuisse,
405 4260 430 4323 si
466 4283 586 4335 omncs,
621 4282 755 4346 quorum
783 4259 927 4329 interest,
951 4257 1086 4321 firmiter
1107 4257 1328 4322 defensionem

79 4363 131 4426 sui
155 4360 263 4424 moliti
285 4360 432 4425 fuissent.
479 4361 573 4424 Nunc
595 4382 669 4423 cum
692 4362 800 4423 omnia
822 4371 946 4422 mutata
969 4359 1043 4435 sint,
1067 4371 1104 4421 ut
1126 4381 1188 4421 non
1209 4359 1249 4421 de
1265 4381 1328 4421 non

80 4461 257 4534 vastandis,
296 4462 351 4525 sed
385 4462 493 4546 potius
526 4463 566 4525 de
600 4484 664 4524 non
698 4460 884 4524 amittendis
918 4458 1093 4523 ditionibus
1128 4459 1242 4523 vestris
1275 4471 1330 4521 aut

80 4565 180 4628 etiarn
211 4563 335 4625 emissis
362 4561 587 4649 recuperandis
610 4561 754 4648 cogitare
777 4560 882 4636 liccat,
906 4560 969 4623 alia
991 4572 1086 4624 erunt
1108 4560 1243 4624 consilia
1266 4582 1330 4623 arn·

80 4665 255 4753 plectenda
277 4663 329 4726 vel
352 4663 498 4727 nonnihil
522 4662 727 4727 inflectenda.
