3314 5362
1259 417 1311 482 '75

192 587 269 636 Ettcr
295 589 483 652 egenhandtgt
509 589 630 651 koneept
654 587 741 651 jamte
768 591 963 653 postserlptnm
991 591 1002 638 t
1023 588 1206 650 Riksarklvet,
1227 590 1290 638 med
1307 588 1357 652 pa·

117 669 192 718 skrltt
215 672 415 732 ›Camerarto›,
436 672 572 735 jamfordt
589 673 651 721 med
671 672 787 736 original
806 672 869 722 med
888 673 1061 722 underskrtdt
1079 673 1130 723 och
1149 673 1249 736 tillagg
1266 673 1355 722 under

117 758 204 803 tettan
221 755 251 804 af
267 755 412 805 kanslerns
431 770 501 819 egen
519 756 592 804 hand
612 757 621 804 l
640 756 754 806 Oollect.
768 756 969 817 camerariam,
981 757 1129 807 Mdnchen.
1157 756 1242 805 Detta
1254 757 1358 819 tillagg

118 838 209 887 saknas
234 840 311 888 aava]
339 842 349 889 l
375 841 527 904 koueeptet
553 855 610 890 som
638 840 687 889 hos
714 840 836 902 Moser,
858 841 935 890 Patr.
959 841 1069 899 Arcaea,
1091 841 1122 888 V:
1143 845 1284 902 187-194,
1303 840 1357 889 dar

117 920 218 971 brelret
235 923 303 985 eljes
322 928 354 973 ar
371 925 474 987 tryekt.
510 924 709 987 Postacriptum
726 924 778 973 har
796 927 826 973 at
845 924 935 973 Moser
951 926 1023 975 torta
1041 925 1088 973 tlll
1105 926 1217 974 brefvet
1235 925 1264 974 at
1282 924 1308 973 d.
1324 928 1358 973 16

117 1006 194 1067 April,
219 1021 281 1056 men
309 1010 360 1057 bar
386 1008 395 1056 i
422 1009 575 1073 koneeptet
597 1009 743 1058 kenelerns
762 1008 957 1072 egenhandiga
975 1009 1105 1073 pastura:
1132 1009 1198 1059 »Dte
1218 1012 1249 1057 20
1267 1008 1354 1072 April.

118 1090 161 1138 dn.
181 1094 267 1140 tata».

116 1345 168 1399 40.
210 1344 278 1401 'rill
300 1348 408 1403 Jacob
432 1349 552 1415 Spano.
791 1349 992 1405 stoekholm
1015 1349 1047 1403 d.
1070 1349 1116 1403 20
1137 1347 1237 1416 April
1260 1349 1356 1403 1625.

118 1524 245 1575 Hanvtsar
270 1529 316 1578 till
342 1529 505 1591 konungens
532 1531 594 1579 bret
621 1530 672 1580 och
695 1532 740 1580 ttlt
762 1533 813 1580 sitt
830 1536 894 1592 eget
912 1531 956 1579 till
975 1529 1146 1580 Camerarius
1165 1533 1237 1578 samt
1255 1529 1357 1578 eander

194 1609 289 1673 kopior
310 1612 340 1660 at
357 1612 572 1676 brelvaxllngen
591 1615 691 1663 mellan
711 1615 812 1664 Gestat
829 1615 914 1664 Adolt
931 1613 983 1663 oeh
1002 1614 1151 1662 Christlan.
1187 1612 1358 1663 Medsaader

192 1698 233 1742 ett
254 1696 316 1745 bret
337 1697 381 1745 ttll
400 1695 513 1746 Bustorl
531 1701 603 1746 samt
620 1712 654 1747 en
673 1698 753 1747 vaxel
771 1699 807 1762 pa
826 1700 981 1761 penningar
998 1698 1042 1746 tttt
1061 1712 1095 1746 en
1114 1697 1305 1747 hedersskttnk
1324 1696 1357 1746 at

194 1778 291 1828 denne.

438 1893 610 1981 Magnifice
634 1919 669 1959 ae
693 1894 853 1959 Generosa
876 1895 1026 1959 Domine.

194 1991 283 2055 Nihil
305 2016 391 2058 nune
415 2010 473 2071 est,
497 1996 537 2059 de
561 2019 624 2082 quo
647 1996 685 2060 ad
709 2009 740 2060 te
763 1997 915 2075 scribam;
939 1996 1046 2059 omnia
1062 1994 1148 2059 enim
1164 2008 1239 2058 sunt
1254 1993 1355 2081 regiis

118 2089 210 2155 literis
232 2094 474 2180 comprehensa,
498 2109 554 2160 aut
576 2096 752 2181 exemplari
774 2120 895 2172 eorum,
912 2120 983 2183 quae
999 2094 1112 2182 scripsi
1128 2096 1167 2160 ad
1187 2097 1353 2161 dominum

119 2188 335 2272 Camerarium,
364 2209 400 2260 ut
426 2194 508 2260 nihil
532 2197 574 2260 sit
596 2220 674 2283 opus
697 2196 762 2262 hue
784 2212 929 2283 repetere
953 2197 1064 2261 eadem
1078 2197 1114 2279 ¹).
1159 2195 1252 2275 Quod
1277 2218 1355 2260 vero

118 2289 217 2356 literas
243 2317 330 2358 meas
357 2319 421 2359 non
449 2296 487 2360 ad
510 2310 552 2375 te,
575 2298 630 2361 sed
654 2298 692 2362 ad
716 2297 934 2362 Camerarium
957 2297 1018 2362 hoc
1040 2310 1131 2361 tauto
1153 2298 1193 2361 dc
1216 2296 1353 2383 negocio

118 2391 288 2471 direxerim,
324 2418 420 2460 eausa
452 2411 510 2473 est,
545 2397 627 2483 quod
661 2398 753 2484 ipsus
786 2399 959 2462 secretiora
991 2422 1117 2462 mecum
1151 2397 1210 2461 hac
1245 2398 1285 2460 de
1318 2420 1353 2460 re

118 2496 367 2575 communicavit,
402 2512 471 2561 tum
500 2497 585 2583 quod
614 2499 699 2584 apud
723 2499 844 2585 Regem
869 2498 1030 2563 Bolremiae
1053 2498 1104 2575 sit,
1128 2522 1224 2584 quem
1246 2497 1354 2561 istius·

118 2595 195 2660 modi
226 2598 433 2662 consiliorum
469 2599 657 2685 participem
692 2622 758 2664 esse
789 2614 927 2686 oportet,
955 2614 990 2663 et
1016 2599 1101 2685 quod
1125 2599 1223 2662 seiam
1248 2613 1355 2661 vestra

31 2782 32 2787 η
118 2696 214 2759 studia
234 2697 268 2761 in
291 2700 509 2785 promovenda
530 2722 564 2763 re
587 2700 748 2763 communi
771 2722 955 2788 congruere.

31 2868 32 2891 ἦ
193 2797 347 2887 Adiungo
380 2798 468 2864 hisee
503 2800 613 2865 literas
646 2801 744 2886 Regis
779 2801 900 2879 Duriae,
931 2823 1008 2888 quas
1037 2799 1075 2863 ad
1098 2800 1219 2885 Regem
1245 2823 1352 2863 meum

31 2900 32 2923 ¹
118 2894 199 2961 dedit
218 2900 258 2963 de
282 2923 339 2963 sua
361 2900 542 2966 intentione
566 2915 599 2966 et
620 2900 755 2966 consilio
778 2904 937 2966 exercitus
958 2900 1189 2973 conscribendi,
1206 2915 1239 2964 et
1254 2899 1355 2987 Regis

31 2998 32 3001 ’
119 2997 174 3060 mei
194 3022 382 3085 responsum
407 3002 571 3067 eSuetieo
586 3002 619 3065 in
636 3002 790 3066 Latinum
807 3003 997 3066 translat-um
1009 3002 1045 3087 ²).
1079 3002 1129 3065 Tu
1152 3000 1246 3064 facile
1264 2999 1353 3063 vide·

119 3095 161 3160 bis
186 3123 225 3163 ex
252 3100 352 3179 hisce,
375 3101 454 3189 quid
478 3117 601 3189 agatur,
624 3118 694 3167 tum
718 3104 803 3190 quod
827 3104 897 3167 Rex
921 3126 1010 3167 meus
1032 3101 1092 3165 hae
1115 3116 1240 3186 arrepta
1263 3123 1353 3164 oeca-

31 3200 32 3263 3
120 3196 197 3263 sione
229 3202 370 3267 voluerit
396 3204 594 3290 propositum
622 3228 714 3267 suum
738 3205 819 3291 Regi
845 3204 954 3269 Daniae
976 3202 1156 3290 significare
1180 3203 1353 3288 quadante-

119 3320 179 3377 nus,
205 3325 278 3366 eum
303 3304 400 3368 sciret
423 3327 459 3368 ae
482 3306 577 3370 certis
599 3304 729 3369 indiciis
751 3305 958 3391 intelligeret,
983 3305 1090 3368 omnia
1113 3303 1205 3367 illum
1225 3303 1352 3385 jamdu-

31 3436 32 3479 1
119 3398 184 3562 (prm
219 3404 419 3488 cognovisse.
478 3404 567 3469 Vale.
626 3405 791 3470 Dabuntur
828 3405 1035 3470 Stokholmiae
1069 3404 1121 3468 die
1156 3406 1196 3468 20
1230 3403 1353 3489 Aprilis

119 3523 203 3565 rano
226 3505 318 3568 1625.

193 3687 338 3753 Adiunxi
373 3690 460 3755 hisee
489 3692 598 3756 literas
625 3693 663 3756 ad
687 3690 853 3756 domiuum
878 3689 1117 3773 Rustorfiumt)
1139 3703 1233 3774 atque
1257 3688 1352 3752 simul

31 3804 32 3807 ’
120 3784 210 3850 adieci
243 3789 408 3875 collybum
438 3806 653 3857 trecentorum
682 3792 878 3856 thalerorum
900 3790 1133 3877 imperialium3
1156 3813 1236 3876 quos
1260 3790 1289 3853 S.
1313 3789 1351 3853 R.

31 3888 32 3891 ’
120 3883 204 3951 ilaus
236 3890 385 3955 dominus
419 3914 507 3956 meus
540 3893 621 3969 vult,
655 3907 692 3956 ut
721 3892 851 3956 honoris
879 3916 956 3979 ergo
979 3892 1094 3955 offeras
1117 3892 1248 3955 domino
1272 3891 1351 3954 Rus·

31 3984 32 3991 '
120 3987 204 4050 toriio
235 4012 292 4075 pro
326 3992 527 4057 conficienda
558 3994 695 4058 cathena
728 4016 819 4057 aurea
854 3993 886 4056 in
921 3993 1107 4056 memoriam
1137 3991 1167 4054 S.
1193 3991 1228 4054 R.
1253 3991 1350 4054 Mais.

120 4083 183 4172 Ego
214 4092 344 4176 quidem
377 4094 461 4157 nihil
492 4094 541 4157 illi
570 4094 629 4159 hae
652 4096 691 4159 de
713 4117 747 4158 re
770 4092 893 4179 scripsi,
917 4094 970 4157 sed
996 4091 1094 4169 volui,
1119 4104 1155 4154 ut
1179 4106 1214 4155 tu
1237 4091 1268 4153 id
1293 4113 1352 4176 pro

121 4201 169 4250 tua
188 4189 380 4258 dexteritate
402 4216 580 4281 perageres.
628 4194 719 4259 Vale.

197 4312 388 4378 Egenhandlsst
405 4317 527 4380 koncept
546 4320 554 4366 l
572 4316 755 4377 lesarkivet,
773 4317 836 4366 med
854 4316 986 4379 paskrttt:
1006 4317 1129 4379 Spenslo.

119 4390 309 4407 Ἁ-

196 4427 215 4489 ¹l
232 4434 266 4481 Se
283 4433 367 4482 alvan
385 4434 433 4482 Nm
451 4437 482 4483 88
501 4451 525 4484 ο.
545 4438 576 4483 39
596 4439 667 4483 sumt
686 4434 735 4482 sid.
755 4437 786 4482 68
806 4439 855 4483 not
874 4431 901 4491 ¹).

195 4510 215 4572 ¹)
232 4516 263 4565 Se
282 4518 364 4567 otvan
384 4519 435 4569 s1d.
455 4522 487 4568 dt
506 4524 554 4569 not
571 4516 599 4577 ¹).

196 4593 216 4656 ³)
233 4600 276 4649 Jfr
292 4601 417 4664 toljande
436 4605 505 4652 brel.

627 4687 828 4694 ———-——
