3288 5330
335 420 398 483 428

292 587 394 650 literis
426 586 508 650 mihi
538 608 664 649 omnem
693 586 734 648 de
757 605 790 647 se
812 583 941 647 sinistre
963 583 1149 669 suspicandi
1172 584 1374 648 occasionem
1394 583 1537 647 voluisse

293 687 473 773 preripere,
508 686 616 751 addita
649 685 709 750 hac
742 684 969 761 declaratione,
996 707 1163 771 nunquam
1191 683 1373 748 sibialiam
1396 696 1538 748 mentem

292 787 402 864 fuisse,
436 810 530 873 quam
565 786 805 851 neutralitatem
836 787 934 870 juxta
967 785 1137 849 formulam
1171 785 1200 849 S.
1235 785 1272 849 R.
1302 785 1374 850 Mai
1401 809 1420 850 a
1445 784 1538 848 vobis

293 888 401 952 datam
431 886 567 952 candide
595 900 628 951 et
649 888 773 951 sineere
796 885 961 966 servandi3
985 899 1080 972 prout
1100 885 1258 951 hactenus
1280 886 1486 950 servaveritis
1509 897 1540 950 et

292 989 502 1075 inposterum,
530 986 709 1052 auxiliante
734 988 813 1063 Deo,
836 988 991 1051 servaturi
1015 986 1135 1068 sitis1).

377 1090 575 1175 Exoptarem
610 1110 685 1153 sane
716 1086 769 1150 vel
791 1086 1020 1152 resolutionem
1043 1099 1182 1151 vestram
1205 1086 1258 1150 vel
1280 1088 1351 1150 eius
1373 1087 1540 1173 exemplar

293 1191 332 1253 ad
360 1214 411 1254 me
440 1190 582 1265 missum,
610 1204 648 1251 ut
669 1187 747 1274 quid
764 1188 810 1251 de
834 1210 873 1251 aa
894 1189 1043 1263 sentiam,
1066 1188 1161 1274 piane
1183 1208 1308 1275 possem
1331 1187 1538 1273 perscribere

295 1290 416 1354 Verum
450 1312 523 1354 cum
557 1290 651 1353 dznus
684 1288 911 1353 Gedemsnnus
944 1287 1049 1353 adhuc
1083 1289 1116 1352 in
1150 1287 1263 1353 Pillaw
1297 1310 1331 1352 se
1364 1288 1539 1365 conducat,

294 1414 399 1476 neque
421 1390 502 1453 mihi
524 1388 731 1454 resolutionis
754 1402 892 1475 acceptae
911 1390 1019 1477 capita
1034 1390 1254 1465 transmiserit,
1269 1412 1369 1477 cogor
1379 1384 1539 1473 judicium

295 1514 402 1555 meum
425 1514 464 1555 eo
486 1512 589 1576 usque
612 1490 815 1576 suspendere,
830 1491 934 1555 donec
949 1490 1030 1554 mihi
1045 1478 1268 1555 siuriacultar
1283 1491 1392 1554 fuerit.
1423 1490 1540 1568 Quam·

294 1614 392 1677 quam
429 1614 505 1655 vero
540 1613 605 1654 non
641 1590 764 1653 invitus
801 1590 958 1676 compium
992 1592 1074 1656 hanc
1108 1592 1355 1656 declarationem
1389 1604 1539 1665 vestram,

295 1694 414 1757 Dzones
448 1704 572 1755 vestras
606 1691 727 1755 sincere
761 1703 939 1755 servaturas
971 1691 1211 1757 neutralitatem
1245 1714 1318 1755 curn
1346 1691 1376 1754 S.
1401 1692 1437 1755 a
1463 1691 1539 1755 Mtte

295 1794 370 1857 dzno
407 1816 480 1857 meo
516 1792 642 1861 initam,
679 1815 716 1854 aa
753 1791 884 1855 candori
920 1807 1029 1856 vestro
1058 1792 1227 1869 confidam,
1267 1792 1384 1856 Dzones
1421 1804 1540 1856 vestras

294 1894 416 1957 nullius
446 1893 503 1972 vel
521 1891 618 1956 minis
640 1892 693 1956 vel
714 1891 878 1956 illecebris
900 1891 941 1955 ab
963 1891 1024 1956 hoc
1046 1893 1197 1957 instituto
1220 1915 1278 1956 suo
1300 1891 1480 1956 adductum
1502 1892 1540 1955 iri

296 2031 336 2041 —
358 2018 422 2080 quo
445 2007 520 2057 casu
544 1992 604 2057 sibi
627 2007 716 2057 certo
738 1994 927 2079 promittere
949 2007 1095 2080 possunt,
1118 2006 1236 2057 cuncta
1258 2016 1298 2056 ex
1321 2008 1430 2057 nostra
1452 2007 1540 2078 parte

295 2097 451 2159 servanda
473 2095 541 2159 fore
565 2131 616 2171 -,
640 2117 715 2157 eum
738 2109 847 2158 tamen
870 2095 936 2158 dmi
954 2094 1311 2159 Godemanuiamorem
1331 2093 1540 2178 favoremque

295 2194 495 2282 deprehendi
531 2195 565 2258 in
597 2196 735 2261 salutem
770 2195 947 2260 Civitatem
982 2207 1167 2272 vestrarum,
1203 2208 1238 2258 ut
1272 2216 1437 2280 nunquam
1472 2194 1539 2257 sine

295 2298 386 2384 gravi
409 2319 504 2360 causa
526 2295 678 2360 adversus
701 2319 889 2380 responsum
913 2308 1055 2358 vestrum
1078 2307 1307 2381 protestaturus
1329 2307 1420 2360 esset.
1455 2295 1539 2375 Quin

296 2412 329 2462 et
361 2398 521 2462 discessus
554 2397 657 2480 ipsius
689 2420 731 2461 ex
764 2397 844 2461 urbe
877 2411 984 2460 vestra
1013 2395 1147 2472 subitae,
1176 2419 1249 2459 cum
1272 2397 1356 2460 istuc
1379 2396 1540 2460 residendi

297 2498 403 2561 animo
427 2496 543 2562 missus
565 2512 659 2575 esset,
685 2512 718 2561 et
738 2497 947 2561 interdictum
970 2497 1010 2562 de
1034 2519 1097 2560 nun
1119 2496 1323 2562 divendendo
1346 2497 1540 2561 nostratibus

296 2612 477 2663 commeatu
511 2599 726 2684 suspicionem
761 2596 840 2661 mihi
870 2597 1061 2673 iniecerunt,
1086 2611 1203 2661 cuncta
1226 2597 1477 2685 haudquaquam
1501 2620 1541 2661 ex

297 2699 360 2763 lide
382 2699 551 2763 nobiseum
575 2698 642 2785 agi3
665 2698 780 2783 quibus
804 2713 837 2761 et
858 2697 890 2761 id
914 2720 1018 2785 genus
1043 2697 1123 2775 aliis,
1146 2722 1216 2785 quae
1233 2698 1413 2783 dijudicare
1430 2686 1542 2762 vestre

298 2800 475 2885 prudentiae
510 2799 580 2876 erit,
614 2799 640 2862 si
675 2799 792 2862 Dzones
826 2810 937 2862 vestrae
976 2799 1105 2862 modum
1140 2800 1320 2875 statuerint,
1347 2822 1411 2863 non
1437 2799 1541 2863 dando

297 2900 442 2963 osoribus
475 2899 563 2985 pacis
597 2914 631 2963 et
656 2898 871 2988 neutralitatis
899 2900 998 2963 semel
1021 2913 1156 2984 receptae
1179 2922 1281 2976 aures,
1304 2899 1387 2963 nihil
1410 2924 1429 2964 a
1452 2900 1541 2964 nobis

297 3001 361 3064 nisi
385 3001 578 3065 amicissima
600 3015 787 3086 exspectare
811 3000 940 3064 debent.

382 3101 505 3181 Quodsi
528 3124 604 3164 vero
632 3114 747 3186 praeter
772 3123 864 3187 spem
889 3119 1030 3165 nostram
1060 3101 1304 3165 Domiuationes
1322 3101 1542 3166 vestreenovis

298 3201 532 3288 adpendicibus
565 3214 598 3264 et
632 3200 784 3264 clausulis
811 3216 906 3287 pacta
928 3201 1144 3265 neutralitatis
1167 3202 1331 3280 eluserint,
1351 3202 1541 3288 justumque

297 3302 449 3367 effectum
483 3302 710 3379 subtraxerint,
744 3300 911 3367 hostemve
945 3303 974 3365 S.
1010 3302 1047 3366 R.
1082 3302 1170 3366 Mrtis
1197 3301 1263 3366 drni
1291 3303 1355 3367 mei
1383 3302 1542 3366 Poionum

298 3403 450 3468 subsidiis
483 3402 671 3466 validiorem
706 3402 915 3478 reddiderint,
948 3402 1096 3489 relinquo
1124 3404 1265 3488 ipsarum
1295 3404 1485 3487 prudentiae,
1509 3419 1543 3466 ut

297 3504 374 3589 ipssa
397 3502 589 3587 dijudicent,
612 3526 675 3588 quo
699 3504 806 3566 animo
829 3502 940 3566 isthaec
963 3527 980 3567 a
1001 3503 1093 3566 nobis
1109 3504 1210 3589 accipi
1227 3504 1392 3568 censerive
1409 3505 1541 3589 possint.

299 3606 370 3688 Ego
404 3627 488 3677 vere,
524 3604 627 3668 multo
662 3604 739 3668 mihi
774 3604 907 3667 meliora
941 3604 1152 3690 amicioraque
1187 3604 1227 3668 de
1249 3604 1406 3668 Dtonibus
1429 3605 1542 3670 vestris

299 3705 499 3790 promittens,
534 3705 661 3768 easdem
690 3706 770 3768 bene
800 3704 905 3769 valere
924 3705 1025 3790 jubeo
1048 3717 1081 3771 et
1103 3704 1219 3768 divinae
1244 3705 1436 3791 protectioni
1461 3728 1543 3769 eom-

300 3805 464 3868 mendatas
488 3805 595 3890 cupio.
641 3806 808 3870 Dabantur
828 3806 977 3893 Elbingae
1001 3807 1053 3870 die
1076 3807 1118 3871 30
1140 3806 1293 3870 Decemh
1318 3809 1382 3869 An.
1406 3808 1497 3871 1626.

383 3928 580 3990 iigenhisndigt
606 3928 729 3992 koncept
754 3930 763 3976 i
786 3929 1003 3978 Oxenstiernska
1018 3929 1176 3999 ¹semiiugen
1196 3929 1259 3978 med
1278 3928 1410 3991 paskriit:
1436 3929 1545 3992 ›Regia-

300 4014 460 4061 montaniae
498 4011 588 4075 Kopia
606 4011 692 4060 bland
711 4013 1079 4075 mandentum-Bormum,
1096 4012 1326 4076 Fbrhandiiugar.

384 4129 404 4189 1)
433 4131 610 4180 Gadamanus
638 4130 811 4193 proposition
848 4131 893 4178 tili
930 4131 1061 4180 stederna
1097 4130 1271 4194 Kbnlgsberg
1299 4130 1329 4179 ai
1359 4131 1384 4179 (i.
1414 4128 1449 4196 ii
1471 4131 1542 4190 Nar..

300 4217 394 4265 destas
421 4212 575 4267 resolution
601 4216 647 4264 far
673 4215 771 4265 honam
792 4216 820 4264 af
837 4214 862 4262 d.
886 4210 997 4279 lignee.
1017 4214 1165 4277 (erlgtuai),
1184 4215 1264 4264 daras
1282 4216 1430 4264 skriivslse
1451 4214 1541 4264 deren

300 4301 345 4348 tili
363 4303 393 4348 Δ.
413 4302 443 4347 0.
462 4300 493 4348 at
511 4299 537 4348 d.
557 4302 587 4346 Ἠ
608 4299 671 4349 Dae.
689 4302 725 4357 (n.
744 4298 805 4357 sti)
823 4303 895 4347 samt
913 4300 967 4348 den
986 4302 1093 4362 proteat
1112 4304 1169 4348 mot
1186 4299 1385 4359 resolutionem
1403 4313 1463 4349 som
1476 4299 1505 4347 G.
1518 4297 1542 4347 d.

297 4383 331 4449 ἦ
359 4384 423 4433 Dee.
451 4383 518 4433 aflet
545 4385 590 4431 till
618 4383 719 4432 seirret.
746 4382 818 4430 Hiob
846 4383 955 4445 Lapuer
981 4383 990 4430 i
1018 4383 1200 4447 Kbnigsberg,
1229 4384 1316 4433 flauas
1333 4386 1343 4432 i
1362 4383 1541 4437 Riksarkivat,

300 4467 456 4516 Brandenb.
485 4458 638 4526 Borussica,
665 4466 895 4529 Forhandlingar.
931 4467 975 4516 dir
999 4467 1078 4516 tissa
1100 4468 1144 4516 G=s
1164 4467 1225 4517 bref
1243 4466 1286 4515 tili
1311 4468 1443 4516 kausiern
1466 4468 1490 4516 d.
1512 4462 1540 4530 ᾖ

300 4553 364 4601 Dee.
388 4555 452 4600 1626
471 4568 505 4600 m.
525 4551 550 4600 fl.
569 4551 798 4609 (Oxenatiernska
811 4550 906 4607 samii.
