3244 5334
1252 368 1313 432 295

110 535 338 622 amplectenda
370 535 506 600 consilia
538 535 704 622 impellere
738 548 843 621 queat.
898 534 999 598 Vides
1032 534 1112 620 ipsc,
1146 534 1258 620 quanti
1286 534 1358 599 Rex

112 660 201 700 meus
236 635 413 701 amicitiam
448 637 606 723 Principis
639 635 688 699 tui
721 636 831 709 faciat,
865 635 1024 721 siquidem
1053 658 1126 698 cunr
1154 633 1357 700 Celsitudine

110 737 213 822 ipsius
236 737 412 822 negocium
434 735 494 800 hoc
517 737 772 814 communicarit,
796 736 882 823 quod
907 736 963 799 vix
984 736 1099 799 fnisset
1118 735 1272 813 facturus,
1293 734 1356 798 nisi

109 861 143 901 se
176 838 210 902 id
234 849 307 901 tuto
331 859 422 922 posse
445 850 478 902 et
499 837 683 924 Principem
706 850 798 901 tuum
821 836 854 901 id
876 836 962 901 hand
985 837 1146 922 ingratum
1169 837 1356 900 habiturum

108 937 290 1002 confideret
302 940 338 1019 ¹).

194 1038 319 1103 Verum
343 1039 383 1103 da
405 1037 485 1102 mihi
509 1038 591 1102 hanc
613 1039 750 1114 veniam,
774 1053 811 1102 ut
833 1039 1001 1125 paululum
1024 1038 1122 1103 liccat
1145 1036 1223 1101 mihi
1247 1051 1354 1102 tecum

110 1139 169 1204 hoc
193 1141 234 1203 de
257 1140 395 1225 negocio
417 1138 605 1226 disceptare.
651 1139 778 1203 Etenim
804 1162 875 1203 eam
897 1138 931 1202 in
947 1154 979 1203 te
995 1139 1135 1225 comperi
1153 1139 1354 1225 prudentiam

107 1240 404 1325 dexteritatemquc
437 1241 471 1303 in
497 1240 592 1304 rebus
620 1238 762 1327 agendis,
786 1254 823 1302 ut
845 1238 980 1303 consilia
1002 1264 1066 1303 non
1089 1240 1279 1325 opinionum
1302 1263 1355 1303 va·

109 1341 210 1405 nitate
233 1355 289 1404 aut
312 1340 544 1405 malevolorum
569 1339 676 1417 minis,
699 1338 755 1403 sed
778 1341 949 1403 momentis
972 1342 1133 1404 rationum
1150 1341 1355 1427 ponderanda

104 1443 244 1525 judices.
300 1441 385 1520 Quid
424 1442 510 1505 onim
549 1441 619 1504 Rex
658 1440 798 1504 Poloniae
830 1453 957 1525 repetet
991 1465 1009 1505 a
1041 1455 1098 1505 tuo
1132 1441 1293 1528 Principe,
1327 1442 1354 1505 si

109 1541 186 1627 quid
221 1542 336 1628 Regno
370 1541 513 1606 Poloniae
541 1565 583 1605 ex
609 1542 766 1625 portubus
789 1541 946 1605 Borussiae
969 1542 1155 1607 detrimenti
1178 1543 1355 1609 inferatur?

108 1647 138 1705 A
170 1666 237 1730 quo
264 1657 392 1728 repetet
424 1643 572 1706 amissam
600 1642 771 1706 Livoniam
798 1665 869 1706 curn
898 1642 1088 1729 longissimo
1111 1656 1216 1707 tractu
1240 1643 1355 1710 maris?

108 1743 185 1822 Quis
224 1744 376 1807 refundet
407 1742 457 1807 illi
490 1743 683 1808 detrimenta
715 1743 807 1807 illata
840 1741 1040 1808 Lithvaniae?
1093 1744 1172 1822 Quis
1205 1745 1353 1810 restituet

107 1843 349 1931 Semigalliam?
402 1844 480 1923 Quis
507 1843 636 1908 excolet
663 1843 837 1920 Podoliam,
866 1858 899 1906 et
924 1844 1026 1928 ipsam
1055 1844 1218 1908 Poloniam
1244 1846 1353 1910 multis

108 1944 187 2008 locis
221 1958 381 2009 vastatam
415 1945 585 2009 exornabit
611 1958 644 2009 et
667 1943 847 2030 perpoliet?
889 1944 1041 2029 Iniquum
1064 1958 1148 2008 esset
1169 1945 1201 2008 id
1227 1947 1266 2009 ab
1289 1946 1353 2010 ulio

107 2046 280 2131 requirere,
318 2045 404 2130 quod
443 2045 542 2108 simili
578 2045 613 2108 in
650 2068 725 2109 casu
763 2045 852 2130 ipsus
890 2059 1039 2130 praestare
1078 2067 1228 2131 nequeas.
1268 2062 1301 2110 et
1335 2071 1353 2110 a

13 2210 14 2213 ,
107 2146 253 2231 principe
290 2145 471 2210 feudatario
508 2169 694 2231 exposcere,
731 2147 816 2231 quod
851 2159 917 2209 tota
949 2168 1065 2210 corona
1098 2148 1255 2211 sustinere
1288 2172 1352 2211 non

107 2247 220 2331 possit3
248 2259 336 2311 certe
363 2246 577 2333 diligentiam,
605 2248 749 2310 studium
777 2260 989 2333 sumptusque
1017 2246 1050 2309 in
1074 2245 1137 2309 alio
1161 2246 1254 2321 velle,
1278 2270 1351 2312 cum

107 2347 173 2432 ipse
208 2347 253 2410 sis
287 2346 586 2433 negligentissimus
619 2361 873 2434 sumptuumque
901 2346 1135 2421 tenacissimus,
1158 2369 1283 2412 summa
1304 2349 1352 2413 in·

104 2448 187 2530 juria
211 2466 270 2512 est.

189 2554 234 2611 At
266 2571 330 2611 non
357 2549 471 2625 dicam,
495 2550 573 2634 quid
597 2550 667 2612 Rex
690 2549 831 2613 Poloniae
850 2550 924 2632 jure
948 2549 1057 2632 possit,
1080 2550 1133 2613 sed
1159 2551 1236 2635 quid
1260 2573 1352 2616 ausu·

107 2672 158 2712 rus
187 2649 239 2714 sit.
291 2648 500 2714 Voluntatem
524 2648 587 2735 ipsi
609 2651 719 2713 deesse
742 2673 807 2713 non
832 2661 920 2735 puto,
944 2649 1041 2712 etiam
1065 2662 1097 2713 te
1116 2650 1237 2733 judice,
1254 2653 1352 2730 ,Prin-

105 2750 168 2835 cipi
192 2764 252 2813 tuo
276 2750 514 2827 malefaciendi,
537 2749 563 2812 si
587 2749 629 2812 sit
651 2750 788 2814 facultas
810 2766 843 2813 ct
865 2750 1005 2827 occasi03
1028 2750 1125 2835 idque
1148 2752 1224 2814 satis
1243 2776 1352 2838 super·

104 2873 166 2936 que
200 2874 277 2914 cum
310 2851 426 2935 saepius
460 2851 596 2914 antehac
623 2865 690 2913 turn
714 2850 817 2914 literis
840 2850 905 2913 suis
929 2850 967 2913 ad
993 2850 1174 2936 Principem
1196 2865 1287 2915 tuum
1311 2855 1351 2917 de

106 2952 312 3037 suscipiendo
334 2951 457 3015 Basaro
480 2952 514 3014 in
538 2951 712 3038 collegium
736 2951 923 3015 Electorum
947 2951 1187 3015 demonstravit.
1227 2953 1350 3017 Volun-

107 3065 152 3114 tas
174 3054 279 3139 igitur
300 3075 373 3115 cum
398 3053 449 3129 sit,
473 3067 611 3138 putasne
634 3052 819 3116 defuturam
842 3050 991 3115 causam?
1027 3051 1060 3113 Si
1083 3074 1116 3115 se
1137 3051 1268 3116 aliunde
1285 3078 1349 3117 non

106 3152 242 3227 offerret,
278 3152 471 3237 arriperetur
498 3177 540 3217 ex
566 3154 644 3239 ipsis
671 3153 798 3237 imperii
827 3152 1010 3215 Germanici
1033 3153 1221 3216 rationibus.
1266 3155 1349 3218 Tum

104 3256 223 3340 cogita,
257 3252 292 3315 in
326 3267 462 3338 quantos
495 3251 695 3338 labyrinthos
722 3253 874 3337 Princeps
900 3266 974 3315 tuus
1002 3276 1132 3316 casurus
1156 3253 1207 3329 sit,
1230 3255 1293 3317 nisi
1316 3279 1349 3320 sc

105 3355 301 3439 tempestive
322 3354 438 3417 fulciat
459 3377 568 3419 eorum
591 3353 805 3429 adminiculis,
829 3353 885 3438 qui
907 3353 1027 3416 Polouo
1044 3353 1144 3417 vicini
1160 3354 1348 3441 inimicique

105 3468 192 3533 sunt3
217 3477 347 3539 quoque
371 3455 432 3517 sibi
457 3455 591 3540 propius
609 3457 740 3538 junctos
762 3477 826 3517 non
851 3454 964 3517 animis
987 3453 1091 3531 modo,
1115 3455 1169 3518 sed
1193 3469 1348 3520 terrarum

102 3555 222 3640 spaciis
245 3554 363 3618 habere
387 3557 498 3641 possit,
521 3579 559 3620 eo
582 3578 615 3619 se
631 3577 759 3641 quoque
776 3555 924 3619 tutiorem
938 3555 1072 3636 judicet.
1107 3556 1177 3620 Nec
1192 3571 1251 3633 cst,
1264 3558 1350 3643 quod

104 3655 274 3720 Celsitndo
304 3655 406 3741 ipsius
430 3670 587 3732 vereatur,
610 3679 650 3719 nc
675 3655 745 3720 Rex
768 3657 909 3720 Poloniae
932 3656 1018 3719 bello
1041 3670 1149 3719 nostro
1171 3657 1349 3743 implicitus

105 3755 287 3820 Borussiam
314 3755 458 3820 invadat.
506 3756 601 3820 Adeo
627 3758 715 3820 cauti
738 3756 912 3842 callidique
936 3771 1011 3819 suut
1033 3756 1158 3833 Poloni,
1183 3772 1219 3820 ut·
1243 3759 1349 3843 plures

103 3857 197 3921 simul
225 3880 289 3920 non
318 3857 383 3920 sint
409 3857 571 3933 offensuri,
600 3879 659 3920 nec
687 3880 825 3942 nuquam
854 3859 955 3943 magis
979 3856 1144 3921 blanditiis
1167 3859 1348 3921 Electorem

105 3970 195 4021 tuum
231 3957 409 4036 delinituri,
442 3981 538 4044 quarn
571 3959 597 4021 si
630 3980 688 4020 nos
722 3958 755 4020 in
790 3960 969 4044 propinquo
998 3958 1159 4035 viderent3
1194 3958 1289 4043 idque
1312 3972 1348 4023 tu

102 4095 306 4105 ——..-..--—.-—..-

187 4160 208 4219 ¹)
231 4162 278 4212 Jrr
301 4164 383 4212 otvan
402 4164 454 4212 sid.
476 4168 522 4211 186
541 4168 591 4212 not
611 4160 638 4222 ¹).
675 4164 769 4212 Srtsom
789 4164 869 4213 daret
887 4164 1016 4227 frumger,
1034 4163 1107 4213 hade
1125 4164 1253 4212 kanslern
1271 4166 1281 4212 1
1300 4167 1351 4215 sltt

103 4247 162 4298 bret
181 4248 212 4296 af
231 4247 257 4295 d.
277 4250 291 4295 t
310 4249 377 4310 Aug.
399 4250 463 4295 1625
482 4247 565 4296 tankt
584 4247 746 4296 underrttta
765 4263 819 4297 von
837 4249 941 4297 Gdtzen
961 4262 1003 4295 orn
1023 4247 1124 4296 Gustat
1142 4248 1240 4296 Adolfs
1252 4249 1351 4311 pluncr

103 4332 137 4394 pd
164 4331 275 4391 hiemet,
297 4346 358 4380 men
382 4331 443 4380 iore
462 4332 586 4380 brctvets
605 4332 777 4380 ascendenda
796 4331 932 4391 uteslutit,
950 4332 1022 4380 hvad
1042 4332 1097 4380 han
1117 4332 1212 4381 darom
1231 4333 1349 4383 skrilrlt.

104 4418 149 4464 su
178 4415 337 4464 emellertld
362 4414 511 4477 konungan
535 4414 600 4478 siulf
622 4415 763 4464 mcddelat
785 4417 827 4477 sig
845 4416 906 4465 med
927 4416 1086 4464 karlursten
1105 4416 1134 4464 al
1152 4417 1350 4481 Braudeubnrg

103 4512 145 4548 om
165 4500 248 4549 desso
266 4500 374 4562 plener,
392 4499 516 4561 frumger
533 4500 563 4549 af
580 4499 649 4549 hans
669 4500 730 4548 bret
748 4500 793 4549 till
811 4499 940 4548 kaustern
961 4500 988 4547 al
1008 4500 1033 4548 d.
1055 4503 1085 4547 19
1104 4501 1170 4550 Dec.
1191 4505 1254 4549 1625
1268 4501 1351 4559 (Asel

104 4581 300 4632 Ooecnsts'ernas
318 4582 441 4645 sbrister,
459 4583 496 4643 11,
513 4596 532 4645 1,
551 4584 603 4633 ald.
623 4585 689 4643 295).
