<?xml version="1.0" encoding="UTF-8"?>
<!DOCTYPE html PUBLIC "-//W3C//DTD XHTML 1.0 Transitional//EN"
    "http://www.w3.org/TR/xhtml1/DTD/xhtml1-transitional.dtd">
<html xmlns="http://www.w3.org/1999/xhtml" xml:lang="en" lang="en">
 <head>
  <title>
</title>
<meta http-equiv="Content-Type" content="text/html;charset=utf-8" />
  <meta name='ocr-system' content='tesseract 3.04.00' />
  <meta name='ocr-capabilities' content='ocr_page ocr_carea ocr_par ocr_line ocrx_word'/>
</head>
<body>
  <div class='ocr_page' id='page_1' title='image "./rikskanslerenax00akadgoog_0101.png"; bbox 0 0 3314 5362; ppageno 0'>
   <div class='ocr_carea' id='block_1_1' title="bbox 1231 495 1270 557">
    <p class='ocr_par' dir='ltr' id='par_1_1' title="bbox 1231 495 1270 557">
     <span class='ocr_line' id='line_1_1' title="bbox 1231 495 1270 557; baseline -0.051 0"><span class='ocrx_word' id='word_1_1' title='bbox 1231 495 1270 557; x_wconf 88' lang='grc'>67</span> 
     </span>
    </p>
   </div>
   <div class='ocr_carea' id='block_1_2' title="bbox 16 659 1317 4774">
    <p class='ocr_par' dir='ltr' id='par_1_2' title="bbox 72 659 1314 950">
     <span class='ocr_line' id='line_1_2' title="bbox 158 659 1314 747; baseline 0.001 -23"><span class='ocrx_word' id='word_1_2' title='bbox 158 661 233 724; x_wconf 87' lang='lat' dir='ltr'>Hoc</span> <span class='ocrx_word' id='word_1_3' title='bbox 271 672 359 725; x_wconf 87' lang='lat' dir='ltr'>certe</span> <span class='ocrx_word' id='word_1_4' title='bbox 397 660 603 724; x_wconf 70' lang='lat' dir='ltr'>confederati</span> <span class='ocrx_word' id='word_1_5' title='bbox 639 660 761 724; x_wconf 88' lang='lat' dir='ltr'>ferrent</span> <span class='ocrx_word' id='word_1_6' title='bbox 798 659 958 723; x_wconf 89' lang='lat' dir='ltr'>commodi</span> <span class='ocrx_word' id='word_1_7' title='bbox 998 661 1194 746; x_wconf 85' lang='lat' dir='ltr'>praemiique,</span> <span class='ocrx_word' id='word_1_8' title='bbox 1228 662 1314 747; x_wconf 90' lang='lat' dir='ltr'>quod</span> 
     </span>
     <span class='ocr_line' id='line_1_3' title="bbox 72 759 1313 847; baseline 0 -22"><span class='ocrx_word' id='word_1_9' title='bbox 72 761 223 825; x_wconf 71' lang='lat' dir='ltr'>&#39;Caesari&#39;</span> <span class='ocrx_word' id='word_1_10' title='bbox 261 761 367 825; x_wconf 87' lang='lat' dir='ltr'>omnis</span> <span class='ocrx_word' id='word_1_11' title='bbox 405 783 477 846; x_wconf 90' lang='lat' dir='ltr'>spes</span> <span class='ocrx_word' id='word_1_12' title='bbox 510 759 626 824; x_wconf 85' lang='lat' dir='ltr'>auxilii</span> <span class='ocrx_word' id='word_1_13' title='bbox 660 784 702 825; x_wconf 88' lang='lat' dir='ltr'>ex</span> <span class='ocrx_word' id='word_1_14' title='bbox 736 760 910 825; x_wconf 71' lang='lat' dir='ltr'>&#39;Palania&#39;</span> <span class='ocrx_word' id='word_1_15' title='bbox 945 773 1028 825; x_wconf 86' lang='lat' dir='ltr'>esset</span> <span class='ocrx_word' id='word_1_16' title='bbox 1065 762 1204 847; x_wconf 88' lang='lat' dir='ltr'>praecisa,</span> <span class='ocrx_word' id='word_1_17' title='bbox 1239 785 1313 826; x_wconf 91' lang='lat' dir='ltr'>cum</span> 
     </span>
     <span class='ocr_line' id='line_1_4' title="bbox 72 860 1314 950; baseline 0.001 -25"><span class='ocrx_word' id='word_1_18' title='bbox 72 886 149 926; x_wconf 88' lang='lat' dir='ltr'>nunc</span> <span class='ocrx_word' id='word_1_19' title='bbox 181 862 271 925; x_wconf 89' lang='lat' dir='ltr'>inter</span> <span class='ocrx_word' id='word_1_20' title='bbox 304 860 426 925; x_wconf 90' lang='lat' dir='ltr'>amicos</span> <span class='ocrx_word' id='word_1_21' title='bbox 458 860 517 925; x_wconf 79' lang='lat' dir='ltr'>vix</span> <span class='ocrx_word' id='word_1_22' title='bbox 544 861 707 925; x_wconf 66' lang='lat' dir='ltr'>‘polono&#39;</span> <span class='ocrx_word' id='word_1_23' title='bbox 730 861 846 926; x_wconf 87' lang='lat' dir='ltr'>habeat</span> <span class='ocrx_word' id='word_1_24' title='bbox 869 861 920 925; x_wconf 84' lang='lat' dir='ltr'>vel</span> <span class='ocrx_word' id='word_1_25' title='bbox 944 862 1090 926; x_wconf 87' lang='lat' dir='ltr'>fidiorem</span> <span class='ocrx_word' id='word_1_26' title='bbox 1113 862 1165 927; x_wconf 88' lang='lat' dir='ltr'>vel</span> <span class='ocrx_word' id='word_1_27' title='bbox 1187 884 1314 950; x_wconf 91' lang='lat' dir='ltr'>promp-</span> 
     </span>
    </p>

    <p class='ocr_par' dir='ltr' id='par_1_3' title="bbox 16 961 1315 1833">
     <span class='ocr_line' id='line_1_5' title="bbox 16 961 1312 1049; baseline 0 -23"><span class='ocrx_word' id='word_1_28' title='bbox 16 976 18 1047; x_wconf 70' lang='lat' dir='ltr'>t</span> <span class='ocrx_word' id='word_1_29' title='bbox 71 963 191 1038; x_wconf 73' lang='lat' dir='ltr'>tionem,</span> <span class='ocrx_word' id='word_1_30' title='bbox 226 977 262 1026; x_wconf 88' lang='lat' dir='ltr'>et</span> <span class='ocrx_word' id='word_1_31' title='bbox 294 962 334 1025; x_wconf 88' lang='lat' dir='ltr'>ad</span> <span class='ocrx_word' id='word_1_32' title='bbox 369 963 580 1026; x_wconf 88' lang='lat' dir='ltr'>continendos</span> <span class='ocrx_word' id='word_1_33' title='bbox 612 961 647 1026; x_wconf 93' lang='lat' dir='ltr'>in</span> <span class='ocrx_word' id='word_1_34' title='bbox 680 962 835 1049; x_wconf 88' lang='lat' dir='ltr'>obsequio</span> <span class='ocrx_word' id='word_1_35' title='bbox 863 962 1035 1026; x_wconf 76' lang='lat' dir='ltr'>*Silesics*</span> <span class='ocrx_word' id='word_1_36' title='bbox 1062 977 1095 1027; x_wconf 88' lang='lat' dir='ltr'>et</span> <span class='ocrx_word' id='word_1_37' title='bbox 1122 963 1312 1027; x_wconf 72' lang='lat' dir='ltr'>&#39;Moravos&#39;&#39;</span> 
     </span>
     <span class='ocr_line' id='line_1_6' title="bbox 72 1062 1314 1148; baseline 0 -21"><span class='ocrx_word' id='word_1_38' title='bbox 72 1078 154 1128; x_wconf 85' lang='lat' dir='ltr'>metu</span> <span class='ocrx_word' id='word_1_39' title='bbox 189 1062 449 1127; x_wconf 69' lang='lat' dir='ltr'>&#39;Cosacoorum&#39;</span> <span class='ocrx_word' id='word_1_40' title='bbox 483 1062 686 1148; x_wconf 87' lang='lat' dir='ltr'>potissimum</span> <span class='ocrx_word' id='word_1_41' title='bbox 719 1062 878 1127; x_wconf 87' lang='lat' dir='ltr'>abutatur.</span> <span class='ocrx_word' id='word_1_42' title='bbox 933 1062 1055 1142; x_wconf 83' lang='lat' dir='ltr'>Quodsi</span> <span class='ocrx_word' id='word_1_43' title='bbox 1089 1062 1236 1128; x_wconf 66' lang='lat' dir='ltr'>’Siluii‘</span> <span class='ocrx_word' id='word_1_44' title='bbox 1266 1063 1314 1127; x_wconf 92' lang='lat' dir='ltr'>in·</span> 
     </span>
     <span class='ocr_line' id='line_1_7' title="bbox 72 1163 1313 1241; baseline 0.001 -13"><span class='ocrx_word' id='word_1_45' title='bbox 72 1164 256 1229; x_wconf 84' lang='lat' dir='ltr'>tellexerint</span> <span class='ocrx_word' id='word_1_46' title='bbox 291 1163 493 1227; x_wconf 75' lang='lat' dir='ltr'>&#39;Polonum&#39;</span> <span class='ocrx_word' id='word_1_47' title='bbox 533 1163 571 1227; x_wconf 92' lang='lat' dir='ltr'>ad</span> <span class='ocrx_word' id='word_1_48' title='bbox 609 1187 667 1227; x_wconf 92' lang='lat' dir='ltr'>sua</span> <span class='ocrx_word' id='word_1_49' title='bbox 702 1166 824 1228; x_wconf 88' lang='lat' dir='ltr'>tuenda</span> <span class='ocrx_word' id='word_1_50' title='bbox 859 1186 1050 1228; x_wconf 81' lang='lat' dir='ltr'>conversum</span> <span class='ocrx_word' id='word_1_51' title='bbox 1087 1179 1120 1228; x_wconf 91' lang='lat' dir='ltr'>et</span> <span class='ocrx_word' id='word_1_52' title='bbox 1156 1178 1313 1241; x_wconf 87' lang='lat' dir='ltr'>eoactum,</span> 
     </span>
     <span class='ocr_line' id='line_1_8' title="bbox 74 1263 1314 1352; baseline 0 -23"><span class='ocrx_word' id='word_1_53' title='bbox 74 1266 277 1351; x_wconf 80' lang='lat' dir='ltr'>&#39;Regemque</span> <span class='ocrx_word' id='word_1_54' title='bbox 314 1263 446 1329; x_wconf 68' lang='lat' dir='ltr'>Daniae&#39;</span> <span class='ocrx_word' id='word_1_55' title='bbox 484 1287 571 1328; x_wconf 86' lang='lat' dir='ltr'>arma</span> <span class='ocrx_word' id='word_1_56' title='bbox 606 1265 638 1328; x_wconf 91' lang='lat' dir='ltr'>ia</span> <span class='ocrx_word' id='word_1_57' title='bbox 678 1264 887 1329; x_wconf 76' lang='lat' dir='ltr'>&#39;Germania&#39;</span> <span class='ocrx_word' id='word_1_58' title='bbox 925 1287 1065 1341; x_wconf 84' lang='lat' dir='ltr'>movere,</span> <span class='ocrx_word' id='word_1_59' title='bbox 1100 1287 1136 1329; x_wconf 89' lang='lat' dir='ltr'>ao</span> <span class='ocrx_word' id='word_1_60' title='bbox 1172 1266 1314 1352; x_wconf 74' lang='lat' dir='ltr'>*Regem</span> 
     </span>
     <span class='ocr_line' id='line_1_9' title="bbox 73 1364 1314 1453; baseline 0.002 -25"><span class='ocrx_word' id='word_1_61' title='bbox 73 1366 194 1429; x_wconf 70' lang='lat' dir='ltr'>meam*</span> <span class='ocrx_word' id='word_1_62' title='bbox 224 1366 358 1429; x_wconf 85' lang='lat' dir='ltr'>tendere</span> <span class='ocrx_word' id='word_1_63' title='bbox 385 1364 420 1428; x_wconf 95' lang='lat' dir='ltr'>in</span> <span class='ocrx_word' id='word_1_64' title='bbox 448 1365 646 1441; x_wconf 71' lang='lat' dir='ltr'>⁴&#39;Silesiam’,</span> <span class='ocrx_word' id='word_1_65' title='bbox 670 1365 844 1429; x_wconf 90' lang='lat' dir='ltr'>multorum</span> <span class='ocrx_word' id='word_1_66' title='bbox 866 1366 982 1444; x_wconf 88' lang='lat' dir='ltr'>forsan,</span> <span class='ocrx_word' id='word_1_67' title='bbox 1007 1366 1061 1453; x_wconf 92' lang='lat' dir='ltr'>qui</span> <span class='ocrx_word' id='word_1_68' title='bbox 1083 1388 1169 1429; x_wconf 90' lang='lat' dir='ltr'>nunc</span> <span class='ocrx_word' id='word_1_69' title='bbox 1191 1380 1314 1431; x_wconf 89' lang='lat' dir='ltr'>contra·</span> 
     </span>
     <span class='ocr_line' id='line_1_10' title="bbox 74 1465 1314 1552; baseline 0.002 -23"><span class='ocrx_word' id='word_1_70' title='bbox 74 1467 197 1543; x_wconf 87' lang='lat' dir='ltr'>huntur,</span> <span class='ocrx_word' id='word_1_71' title='bbox 231 1465 332 1530; x_wconf 83' lang='lat' dir='ltr'>animi</span> <span class='ocrx_word' id='word_1_72' title='bbox 366 1488 399 1530; x_wconf 85' lang='lat' dir='ltr'>sc</span> <span class='ocrx_word' id='word_1_73' title='bbox 432 1466 641 1552; x_wconf 85' lang='lat' dir='ltr'>explicabunt</span> <span class='ocrx_word' id='word_1_74' title='bbox 673 1489 718 1541; x_wconf 88' lang='lat' dir='ltr'>ac,</span> <span class='ocrx_word' id='word_1_75' title='bbox 753 1467 780 1530; x_wconf 93' lang='lat' dir='ltr'>si</span> <span class='ocrx_word' id='word_1_76' title='bbox 813 1467 883 1552; x_wconf 89' lang='lat' dir='ltr'>quis</span> <span class='ocrx_word' id='word_1_77' title='bbox 917 1490 971 1530; x_wconf 86' lang='lat' dir='ltr'>eos</span> <span class='ocrx_word' id='word_1_78' title='bbox 1002 1465 1131 1531; x_wconf 89' lang='lat' dir='ltr'>modico</span> <span class='ocrx_word' id='word_1_79' title='bbox 1157 1466 1314 1533; x_wconf 88' lang='lat' dir='ltr'>submisso</span> 
     </span>
     <span class='ocr_line' id='line_1_11' title="bbox 71 1567 1315 1655; baseline 0.002 -25"><span class='ocrx_word' id='word_1_80' title='bbox 71 1568 210 1632; x_wconf 79' lang='lat' dir='ltr'>exercita</span> <span class='ocrx_word' id='word_1_81' title='bbox 234 1567 276 1631; x_wconf 85' lang='lat' dir='ltr'>ad</span> <span class='ocrx_word' id='word_1_82' title='bbox 299 1567 423 1653; x_wconf 85' lang='lat' dir='ltr'>pileum</span> <span class='ocrx_word' id='word_1_83' title='bbox 446 1568 620 1644; x_wconf 80' lang='lat' dir='ltr'>vocaverit,</span> <span class='ocrx_word' id='word_1_84' title='bbox 643 1580 732 1631; x_wconf 88' lang='lat' dir='ltr'>metu</span> <span class='ocrx_word' id='word_1_85' title='bbox 755 1567 950 1630; x_wconf 65' lang='lat' dir='ltr'>“Polonicd&#39;</span> <span class='ocrx_word' id='word_1_86' title='bbox 969 1567 1094 1632; x_wconf 87' lang='lat' dir='ltr'>liberati</span> <span class='ocrx_word' id='word_1_87' title='bbox 1110 1591 1143 1632; x_wconf 91' lang='lat' dir='ltr'>se</span> <span class='ocrx_word' id='word_1_88' title='bbox 1159 1569 1315 1655; x_wconf 88' lang='lat' dir='ltr'>colligent</span> 
     </span>
     <span class='ocr_line' id='line_1_12' title="bbox 72 1665 1315 1754; baseline 0.002 -23"><span class='ocrx_word' id='word_1_89' title='bbox 72 1669 162 1732; x_wconf 84' lang='lat' dir='ltr'>facile</span> <span class='ocrx_word' id='word_1_90' title='bbox 186 1682 286 1754; x_wconf 85' lang='lat' dir='ltr'>atque</span> <span class='ocrx_word' id='word_1_91' title='bbox 309 1668 350 1731; x_wconf 91' lang='lat' dir='ltr'>iis</span> <span class='ocrx_word' id='word_1_92' title='bbox 371 1668 406 1731; x_wconf 93' lang='lat' dir='ltr'>in</span> <span class='ocrx_word' id='word_1_93' title='bbox 428 1667 517 1743; x_wconf 90' lang='lat' dir='ltr'>locis,</span> <span class='ocrx_word' id='word_1_94' title='bbox 540 1683 576 1731; x_wconf 91' lang='lat' dir='ltr'>ut</span> <span class='ocrx_word' id='word_1_95' title='bbox 598 1681 715 1731; x_wconf 88' lang='lat' dir='ltr'>cuncta</span> <span class='ocrx_word' id='word_1_96' title='bbox 731 1667 888 1731; x_wconf 67' lang='lat' dir='ltr'>&#39;Caesari&#39;</span> <span class='ocrx_word' id='word_1_97' title='bbox 904 1665 1024 1732; x_wconf 87' lang='lat' dir='ltr'>infesta</span> <span class='ocrx_word' id='word_1_98' title='bbox 1038 1669 1111 1746; x_wconf 88' lang='lat' dir='ltr'>siut,</span> <span class='ocrx_word' id='word_1_99' title='bbox 1127 1669 1206 1732; x_wconf 92' lang='lat' dir='ltr'>belli</span> <span class='ocrx_word' id='word_1_100' title='bbox 1222 1669 1315 1733; x_wconf 89' lang='lat' dir='ltr'>initia</span> 
     </span>
     <span class='ocr_line' id='line_1_13' title="bbox 73 1770 198 1833; baseline 0.008 -1"><span class='ocrx_word' id='word_1_101' title='bbox 73 1770 198 1833; x_wconf 82' lang='lat' dir='ltr'>facient.</span> 
     </span>
    </p>

    <p class='ocr_par' dir='ltr' id='par_1_4' title="bbox 16 1867 1316 2260">
     <span class='ocr_line' id='line_1_14' title="bbox 148 1867 1313 1957; baseline -0.001 -22"><span class='ocrx_word' id='word_1_102' title='bbox 148 1871 233 1935; x_wconf 92' lang='lat' dir='ltr'>Cum</span> <span class='ocrx_word' id='word_1_103' title='bbox 270 1892 348 1933; x_wconf 86' lang='lat' dir='ltr'>vero</span> <span class='ocrx_word' id='word_1_104' title='bbox 383 1867 459 1932; x_wconf 90' lang='lat' dir='ltr'>belli</span> <span class='ocrx_word' id='word_1_105' title='bbox 493 1867 584 1932; x_wconf 86' lang='lat' dir='ltr'>sedes</span> <span class='ocrx_word' id='word_1_106' title='bbox 617 1867 787 1955; x_wconf 83' lang='lat' dir='ltr'>quaerenda</span> <span class='ocrx_word' id='word_1_107' title='bbox 819 1869 871 1947; x_wconf 90' lang='lat' dir='ltr'>sit,</span> <span class='ocrx_word' id='word_1_108' title='bbox 905 1892 976 1954; x_wconf 81' lang='lat' dir='ltr'>quae</span> <span class='ocrx_word' id='word_1_109' title='bbox 1003 1886 1035 1933; x_wconf 81' lang='lat' dir='ltr'>ct</span> <span class='ocrx_word' id='word_1_110' title='bbox 1064 1870 1184 1957; x_wconf 73' lang='lat' dir='ltr'>&#39;regno</span> <span class='ocrx_word' id='word_1_111' title='bbox 1206 1869 1313 1946; x_wconf 73' lang='lat' dir='ltr'>buic&#39;,</span> 
     </span>
     <span class='ocr_line' id='line_1_15' title="bbox 16 1968 1313 2057; baseline 0.001 -24"><span class='ocrx_word' id='word_1_112' title='bbox 16 1982 17 2007; x_wconf 47' lang='lat' dir='ltr'>l</span> <span class='ocrx_word' id='word_1_113' title='bbox 73 1971 150 2035; x_wconf 88' lang='lat' dir='ltr'>unde</span> <span class='ocrx_word' id='word_1_114' title='bbox 184 1971 309 2057; x_wconf 75' lang='lat' dir='ltr'>suscipi</span> <span class='ocrx_word' id='word_1_115' title='bbox 343 1969 511 2055; x_wconf 80' lang='lat' dir='ltr'>expeditio</span> <span class='ocrx_word' id='word_1_116' title='bbox 544 1969 650 2043; x_wconf 85' lang='lat' dir='ltr'>debet,</span> <span class='ocrx_word' id='word_1_117' title='bbox 681 1984 714 2034; x_wconf 90' lang='lat' dir='ltr'>et</span> <span class='ocrx_word' id='word_1_118' title='bbox 741 1968 902 2034; x_wconf 71' lang='lat' dir='ltr'>*Silesiae&#39;</span> <span class='ocrx_word' id='word_1_119' title='bbox 926 1971 1106 2056; x_wconf 87' lang='lat' dir='ltr'>ceterisque</span> <span class='ocrx_word' id='word_1_120' title='bbox 1129 1971 1313 2057; x_wconf 88' lang='lat' dir='ltr'>provinciis,</span> 
     </span>
     <span class='ocr_line' id='line_1_16' title="bbox 16 2070 1316 2158; baseline -0.001 -23"><span class='ocrx_word' id='word_1_121' title='bbox 16 2080 17 2095; x_wconf 64' lang='lat'>¹</span> <span class='ocrx_word' id='word_1_122' title='bbox 76 2071 184 2157; x_wconf 87' lang='lat' dir='ltr'>quibus</span> <span class='ocrx_word' id='word_1_123' title='bbox 218 2071 416 2158; x_wconf 91' lang='lat' dir='ltr'>opitulatum</span> <span class='ocrx_word' id='word_1_124' title='bbox 449 2070 544 2145; x_wconf 89' lang='lat' dir='ltr'>imus,</span> <span class='ocrx_word' id='word_1_125' title='bbox 578 2093 636 2133; x_wconf 89' lang='lat' dir='ltr'>suo</span> <span class='ocrx_word' id='word_1_126' title='bbox 670 2070 735 2134; x_wconf 90' lang='lat' dir='ltr'>situ</span> <span class='ocrx_word' id='word_1_127' title='bbox 768 2070 967 2154; x_wconf 80' lang='lat' dir='ltr'>respondeat,</span> <span class='ocrx_word' id='word_1_128' title='bbox 1002 2072 1090 2134; x_wconf 89' lang='lat' dir='ltr'>nulla</span> <span class='ocrx_word' id='word_1_129' title='bbox 1116 2071 1316 2135; x_wconf 81' lang='lat' dir='ltr'>commodior</span> 
     </span>
     <span class='ocr_line' id='line_1_17' title="bbox 76 2171 1315 2260; baseline 0 -24"><span class='ocrx_word' id='word_1_130' title='bbox 76 2173 201 2260; x_wconf 75' lang='lat' dir='ltr'>*Regali</span> <span class='ocrx_word' id='word_1_131' title='bbox 226 2171 380 2236; x_wconf 85' lang='lat' dir='ltr'>Bornesia</span> <span class='ocrx_word' id='word_1_132' title='bbox 403 2171 622 2257; x_wconf 68' lang='lat' dir='ltr'>Polonia*que</span> <span class='ocrx_word' id='word_1_133' title='bbox 645 2186 704 2247; x_wconf 87' lang='lat' dir='ltr'>est,</span> <span class='ocrx_word' id='word_1_134' title='bbox 727 2195 796 2257; x_wconf 87' lang='lat' dir='ltr'>quae</span> <span class='ocrx_word' id='word_1_135' title='bbox 820 2194 877 2234; x_wconf 88' lang='lat' dir='ltr'>sua</span> <span class='ocrx_word' id='word_1_136' title='bbox 899 2171 1066 2235; x_wconf 77' lang='lat' dir='ltr'>fertilitate</span> <span class='ocrx_word' id='word_1_137' title='bbox 1089 2172 1199 2258; x_wconf 88' lang='lat' dir='ltr'>copias</span> <span class='ocrx_word' id='word_1_138' title='bbox 1216 2196 1315 2258; x_wconf 80' lang='lat' dir='ltr'>quan·</span> 
     </span>
    </p>

    <p class='ocr_par' dir='ltr' id='par_1_5' title="bbox 16 2256 1315 2363">
     <span class='ocr_line' id='line_1_18' title="bbox 16 2272 1315 2363; baseline -0.002 -26"><span class='ocrx_word' id='word_1_139' title='bbox 16 2344 18 2363; x_wconf 31' lang='grc' dir='ltr'><strong>μ</strong></span> <span class='ocrx_word' id='word_1_140' title='bbox 75 2275 185 2337; x_wconf 82' lang='lat' dir='ltr'>tumvis</span> <span class='ocrx_word' id='word_1_141' title='bbox 209 2273 368 2337; x_wconf 85' lang='lat' dir='ltr'>maximas</span> <span class='ocrx_word' id='word_1_142' title='bbox 392 2273 514 2358; x_wconf 87' lang='lat' dir='ltr'>optime</span> <span class='ocrx_word' id='word_1_143' title='bbox 537 2285 728 2348; x_wconf 74' lang='lat' dir='ltr'>sustentent,</span> <span class='ocrx_word' id='word_1_144' title='bbox 752 2284 785 2337; x_wconf 88' lang='lat' dir='ltr'>et</span> <span class='ocrx_word' id='word_1_145' title='bbox 807 2273 968 2337; x_wconf 74' lang='lat' dir='ltr'>destituta</span> <span class='ocrx_word' id='word_1_146' title='bbox 990 2272 1199 2338; x_wconf 89' lang='lat' dir='ltr'>munimentis</span> <span class='ocrx_word' id='word_1_147' title='bbox 1219 2285 1315 2359; x_wconf 88' lang='lat' dir='ltr'>atque</span> 
     </span>
    </p>

    <p class='ocr_par' dir='ltr' id='par_1_6' title="bbox 16 2372 1314 2457">
     <span class='ocr_line' id='line_1_19' title="bbox 16 2372 1314 2457; baseline 0.002 -22"><span class='ocrx_word' id='word_1_148' title='bbox 16 2376 17 2379; x_wconf 69' lang='grc'>’</span> <span class='ocrx_word' id='word_1_149' title='bbox 76 2374 198 2438; x_wconf 80' lang='lat' dir='ltr'>muratis</span> <span class='ocrx_word' id='word_1_150' title='bbox 234 2373 370 2437; x_wconf 87' lang='lat' dir='ltr'>urbibus</span> <span class='ocrx_word' id='word_1_151' title='bbox 399 2373 502 2436; x_wconf 79' lang='lat' dir='ltr'>cuiuis</span> <span class='ocrx_word' id='word_1_152' title='bbox 529 2373 648 2457; x_wconf 82' lang='lat' dir='ltr'>perviae</span> <span class='ocrx_word' id='word_1_153' title='bbox 671 2373 749 2450; x_wconf 80' lang='lat' dir='ltr'>siut3</span> <span class='ocrx_word' id='word_1_154' title='bbox 776 2396 881 2457; x_wconf 85' lang='lat' dir='ltr'>neque</span> <span class='ocrx_word' id='word_1_155' title='bbox 904 2372 957 2436; x_wconf 88' lang='lat' dir='ltr'>hic</span> <span class='ocrx_word' id='word_1_156' title='bbox 981 2372 1041 2436; x_wconf 89' lang='lat' dir='ltr'>ulli</span> <span class='ocrx_word' id='word_1_157' title='bbox 1063 2373 1154 2437; x_wconf 86' lang='lat' dir='ltr'>fluvii</span> <span class='ocrx_word' id='word_1_158' title='bbox 1178 2373 1314 2437; x_wconf 89' lang='lat' dir='ltr'>alicuius</span> 
     </span>
    </p>

    <p class='ocr_par' dir='ltr' id='par_1_7' title="bbox 16 2472 1315 2660">
     <span class='ocr_line' id='line_1_20' title="bbox 16 2472 1314 2559; baseline 0.001 -23"><span class='ocrx_word' id='word_1_159' title='bbox 16 2480 17 2517; x_wconf 42' lang='grc' dir='ltr'><em>Ὗ</em></span> <span class='ocrx_word' id='word_1_160' title='bbox 77 2475 223 2539; x_wconf 86' lang='lat' dir='ltr'>momenti</span> <span class='ocrx_word' id='word_1_161' title='bbox 256 2474 442 2557; x_wconf 85' lang='lat' dir='ltr'>trajiciendi</span> <span class='ocrx_word' id='word_1_162' title='bbox 475 2487 587 2559; x_wconf 87' lang='lat' dir='ltr'>praeter</span> <span class='ocrx_word' id='word_1_163' title='bbox 622 2472 763 2537; x_wconf 85' lang='lat' dir='ltr'>Wartsm</span> <span class='ocrx_word' id='word_1_164' title='bbox 797 2473 882 2537; x_wconf 88' lang='lat' dir='ltr'>circa</span> <span class='ocrx_word' id='word_1_165' title='bbox 915 2473 1158 2537; x_wconf 72' lang='lat' dir='ltr'>&#39;Posnaaiam’.</span> <span class='ocrx_word' id='word_1_166' title='bbox 1209 2477 1258 2537; x_wconf 88' lang='lat' dir='ltr'>Ac</span> <span class='ocrx_word' id='word_1_167' title='bbox 1289 2475 1314 2537; x_wconf 89' lang='lat' dir='ltr'>si</span> 
     </span>
     <span class='ocr_line' id='line_1_21' title="bbox 77 2574 1315 2660; baseline -0.001 -22"><span class='ocrx_word' id='word_1_168' title='bbox 77 2575 242 2639; x_wconf 70' lang='lat' dir='ltr'>&#39;floressia</span> <span class='ocrx_word' id='word_1_169' title='bbox 275 2574 497 2658; x_wconf 75' lang='lat' dir='ltr'>Polonia&#39;que</span> <span class='ocrx_word' id='word_1_170' title='bbox 530 2588 754 2660; x_wconf 79' lang='lat' dir='ltr'>comparentur</span> <span class='ocrx_word' id='word_1_171' title='bbox 786 2597 860 2638; x_wconf 90' lang='lat' dir='ltr'>cum</span> <span class='ocrx_word' id='word_1_172' title='bbox 893 2574 933 2638; x_wconf 93' lang='lat' dir='ltr'>iis</span> <span class='ocrx_word' id='word_1_173' title='bbox 966 2574 1122 2638; x_wconf 79' lang='lat' dir='ltr'>tractibus</span> <span class='ocrx_word' id='word_1_174' title='bbox 1149 2588 1315 2651; x_wconf 85' lang='lat' dir='ltr'>terrarum,</span> 
     </span>
    </p>

    <p class='ocr_par' dir='ltr' id='par_1_8' title="bbox 16 2660 1317 3567">
     <span class='ocr_line' id='line_1_22' title="bbox 16 2660 1315 2761; baseline 0.002 -25"><span class='ocrx_word' id='word_1_175' title='bbox 16 2660 17 2671; x_wconf 11' lang='grc' dir='ltr'>ἵ</span> <span class='ocrx_word' id='word_1_176' title='bbox 75 2676 124 2761; x_wconf 90' lang='lat' dir='ltr'>qui</span> <span class='ocrx_word' id='word_1_177' title='bbox 155 2699 214 2761; x_wconf 86' lang='lat' dir='ltr'>per</span> <span class='ocrx_word' id='word_1_178' title='bbox 247 2675 385 2739; x_wconf 88' lang='lat' dir='ltr'>alterum</span> <span class='ocrx_word' id='word_1_179' title='bbox 418 2674 596 2739; x_wconf 83' lang='lat' dir='ltr'>exercitum</span> <span class='ocrx_word' id='word_1_180' title='bbox 630 2674 711 2739; x_wconf 87' lang='lat' dir='ltr'>duce</span> <span class='ocrx_word' id='word_1_181' title='bbox 738 2676 827 2760; x_wconf 84' lang='lat' dir='ltr'>Rege</span> <span class='ocrx_word' id='word_1_182' title='bbox 856 2675 1006 2739; x_wconf 77' lang='lat' dir='ltr'>*Daniae*</span> <span class='ocrx_word' id='word_1_183' title='bbox 1033 2687 1109 2738; x_wconf 87' lang='lat' dir='ltr'>sunt</span> <span class='ocrx_word' id='word_1_184' title='bbox 1131 2676 1315 2752; x_wconf 89' lang='lat' dir='ltr'>emetiendi,</span> 
     </span>
     <span class='ocr_line' id='line_1_23' title="bbox 75 2775 1314 2863; baseline 0.002 -26"><span class='ocrx_word' id='word_1_185' title='bbox 75 2775 163 2863; x_wconf 84' lang='lat' dir='ltr'>longe</span> <span class='ocrx_word' id='word_1_186' title='bbox 185 2776 325 2840; x_wconf 87' lang='lat' dir='ltr'>maiores</span> <span class='ocrx_word' id='word_1_187' title='bbox 349 2800 383 2840; x_wconf 88' lang='lat' dir='ltr'>se</span> <span class='ocrx_word' id='word_1_188' title='bbox 406 2775 481 2839; x_wconf 89' lang='lat' dir='ltr'>huic</span> <span class='ocrx_word' id='word_1_189' title='bbox 504 2775 659 2860; x_wconf 85' lang='lat' dir='ltr'>objicient</span> <span class='ocrx_word' id='word_1_190' title='bbox 681 2775 715 2838; x_wconf 88' lang='lat' dir='ltr'>in</span> <span class='ocrx_word' id='word_1_191' title='bbox 738 2775 973 2861; x_wconf 83' lang='lat' dir='ltr'>progrediendo</span> <span class='ocrx_word' id='word_1_192' title='bbox 995 2775 1214 2851; x_wconf 87' lang='lat' dir='ltr'>difficultates,</span> <span class='ocrx_word' id='word_1_193' title='bbox 1231 2778 1314 2862; x_wconf 90' lang='lat' dir='ltr'>quod</span> 
     </span>
     <span class='ocr_line' id='line_1_24' title="bbox 76 2875 1317 2964; baseline 0 -25"><span class='ocrx_word' id='word_1_194' title='bbox 76 2875 189 2940; x_wconf 85' lang='lat' dir='ltr'>Cironli</span> <span class='ocrx_word' id='word_1_195' title='bbox 225 2876 468 2964; x_wconf 86' lang='lat' dir='ltr'>Westphalicus</span> <span class='ocrx_word' id='word_1_196' title='bbox 502 2889 534 2940; x_wconf 87' lang='lat' dir='ltr'>et</span> <span class='ocrx_word' id='word_1_197' title='bbox 566 2876 715 2939; x_wconf 86' lang='lat' dir='ltr'>Reuanus</span> <span class='ocrx_word' id='word_1_198' title='bbox 749 2890 891 2940; x_wconf 84' lang='lat' dir='ltr'>scateant</span> <span class='ocrx_word' id='word_1_199' title='bbox 923 2876 1017 2963; x_wconf 91' lang='lat' dir='ltr'>copia</span> <span class='ocrx_word' id='word_1_200' title='bbox 1045 2899 1234 2963; x_wconf 85' lang='lat' dir='ltr'>magnorum</span> <span class='ocrx_word' id='word_1_201' title='bbox 1257 2877 1317 2941; x_wconf 87' lang='lat' dir='ltr'>flu·</span> 
     </span>
     <span class='ocr_line' id='line_1_25' title="bbox 77 2976 1316 3052; baseline 0.002 -13"><span class='ocrx_word' id='word_1_202' title='bbox 77 2977 192 3041; x_wconf 74' lang='lat' dir='ltr'>riorum</span> <span class='ocrx_word' id='word_1_203' title='bbox 217 2993 251 3042; x_wconf 91' lang='lat' dir='ltr'>et</span> <span class='ocrx_word' id='word_1_204' title='bbox 273 2977 452 3041; x_wconf 83' lang='lat' dir='ltr'>validarum</span> <span class='ocrx_word' id='word_1_205' title='bbox 475 2976 602 3041; x_wconf 88' lang='lat' dir='ltr'>urbium</span> <span class='ocrx_word' id='word_1_206' title='bbox 625 3000 660 3040; x_wconf 88' lang='lat' dir='ltr'>ac</span> <span class='ocrx_word' id='word_1_207' title='bbox 684 2977 966 3052; x_wconf 85' lang='lat' dir='ltr'>munimentorum,</span> <span class='ocrx_word' id='word_1_208' title='bbox 983 2991 1020 3041; x_wconf 91' lang='lat' dir='ltr'>ut</span> <span class='ocrx_word' id='word_1_209' title='bbox 1036 2978 1137 3041; x_wconf 91' lang='lat' dir='ltr'>multo</span> <span class='ocrx_word' id='word_1_210' title='bbox 1152 2976 1316 3041; x_wconf 88' lang='lat' dir='ltr'>difficilius</span> 
     </span>
     <span class='ocr_line' id='line_1_26' title="bbox 76 3077 1314 3164; baseline 0 -24"><span class='ocrx_word' id='word_1_211' title='bbox 76 3077 113 3140; x_wconf 87' lang='lat' dir='ltr'>sit</span> <span class='ocrx_word' id='word_1_212' title='bbox 143 3080 253 3143; x_wconf 86' lang='lat' dir='ltr'>aedem</span> <span class='ocrx_word' id='word_1_213' title='bbox 288 3078 368 3143; x_wconf 87' lang='lat' dir='ltr'>belli</span> <span class='ocrx_word' id='word_1_214' title='bbox 401 3078 486 3164; x_wconf 81' lang='lat' dir='ltr'>apud</span> <span class='ocrx_word' id='word_1_215' title='bbox 519 3078 625 3155; x_wconf 85' lang='lat' dir='ltr'>hosce,</span> <span class='ocrx_word' id='word_1_216' title='bbox 660 3101 756 3163; x_wconf 89' lang='lat' dir='ltr'>quam</span> <span class='ocrx_word' id='word_1_217' title='bbox 784 3080 817 3141; x_wconf 91' lang='lat' dir='ltr'>in</span> <span class='ocrx_word' id='word_1_218' title='bbox 847 3078 1020 3141; x_wconf 67' lang='lat' dir='ltr'>’Polonia‘</span> <span class='ocrx_word' id='word_1_219' title='bbox 1045 3092 1101 3141; x_wconf 89' lang='lat' dir='ltr'>aut</span> <span class='ocrx_word' id='word_1_220' title='bbox 1125 3077 1314 3142; x_wconf 75' lang='lat' dir='ltr'>&#39;Borussia&#39;</span> 
     </span>
     <span class='ocr_line' id='line_1_27' title="bbox 74 3177 1315 3265; baseline 0.002 -24"><span class='ocrx_word' id='word_1_221' title='bbox 74 3179 236 3244; x_wconf 80' lang='lat' dir='ltr'>collocare.</span> <span class='ocrx_word' id='word_1_222' title='bbox 287 3179 361 3243; x_wconf 80' lang='lat' dir='ltr'>Nisi</span> <span class='ocrx_word' id='word_1_223' title='bbox 395 3201 471 3242; x_wconf 82' lang='lat' dir='ltr'>vero</span> <span class='ocrx_word' id='word_1_224' title='bbox 497 3192 587 3242; x_wconf 86' lang='lat' dir='ltr'>certa</span> <span class='ocrx_word' id='word_1_225' title='bbox 608 3178 686 3242; x_wconf 89' lang='lat' dir='ltr'>belli</span> <span class='ocrx_word' id='word_1_226' title='bbox 709 3178 800 3243; x_wconf 90' lang='lat' dir='ltr'>sedes</span> <span class='ocrx_word' id='word_1_227' title='bbox 822 3178 1014 3256; x_wconf 81' lang='lat' dir='ltr'>obtineatur,</span> <span class='ocrx_word' id='word_1_228' title='bbox 1037 3191 1114 3265; x_wconf 89' lang='lat' dir='ltr'>puta</span> <span class='ocrx_word' id='word_1_229' title='bbox 1136 3177 1219 3242; x_wconf 88' lang='lat' dir='ltr'>nihil</span> <span class='ocrx_word' id='word_1_230' title='bbox 1241 3201 1315 3244; x_wconf 89' lang='lat' dir='ltr'>cum</span> 
     </span>
     <span class='ocr_line' id='line_1_28' title="bbox 76 3278 1316 3369; baseline -0.001 -27"><span class='ocrx_word' id='word_1_231' title='bbox 76 3279 178 3343; x_wconf 86' lang='lat' dir='ltr'>fructu</span> <span class='ocrx_word' id='word_1_232' title='bbox 203 3279 326 3365; x_wconf 85' lang='lat' dir='ltr'>suscipi</span> <span class='ocrx_word' id='word_1_233' title='bbox 349 3302 453 3365; x_wconf 88' lang='lat' dir='ltr'>posse.</span> <span class='ocrx_word' id='word_1_234' title='bbox 497 3278 571 3369; x_wconf 90' lang='lat' dir='ltr'>Ipsa</span> <span class='ocrx_word' id='word_1_235' title='bbox 593 3302 719 3367; x_wconf 89' lang='lat' dir='ltr'>quoque</span> <span class='ocrx_word' id='word_1_236' title='bbox 744 3280 932 3343; x_wconf 73' lang='lat' dir='ltr'>*Borussia&#39;</span> <span class='ocrx_word' id='word_1_237' title='bbox 956 3293 989 3344; x_wconf 90' lang='lat' dir='ltr'>et</span> <span class='ocrx_word' id='word_1_238' title='bbox 1011 3279 1186 3343; x_wconf 67' lang='lat' dir='ltr'>&#39;Polemo‘</span> <span class='ocrx_word' id='word_1_239' title='bbox 1209 3279 1316 3342; x_wconf 89' lang='lat' dir='ltr'>suble·</span> 
     </span>
     <span class='ocr_line' id='line_1_29' title="bbox 78 3379 1315 3458; baseline 0.002 -19"><span class='ocrx_word' id='word_1_240' title='bbox 78 3379 191 3445; x_wconf 68' lang='lat' dir='ltr'>nabunt</span> <span class='ocrx_word' id='word_1_241' title='bbox 225 3404 324 3447; x_wconf 85' lang='lat' dir='ltr'>onera</span> <span class='ocrx_word' id='word_1_242' title='bbox 356 3380 528 3458; x_wconf 86' lang='lat' dir='ltr'>exercitus,</span> <span class='ocrx_word' id='word_1_243' title='bbox 561 3379 589 3442; x_wconf 91' lang='lat' dir='ltr'>si</span> <span class='ocrx_word' id='word_1_244' title='bbox 618 3379 737 3443; x_wconf 92' lang='lat' dir='ltr'>bellum</span> <span class='ocrx_word' id='word_1_245' title='bbox 764 3379 956 3444; x_wconf 89' lang='lat' dir='ltr'>trahendum</span> <span class='ocrx_word' id='word_1_246' title='bbox 979 3380 1087 3444; x_wconf 89' lang='lat' dir='ltr'>fuerit.</span> <span class='ocrx_word' id='word_1_247' title='bbox 1133 3379 1206 3443; x_wconf 89' lang='lat' dir='ltr'>Huc</span> <span class='ocrx_word' id='word_1_248' title='bbox 1229 3381 1315 3444; x_wconf 90' lang='lat' dir='ltr'>enim</span> 
     </span>
     <span class='ocr_line' id='line_1_30' title="bbox 77 3481 1314 3567; baseline 0.002 -24"><span class='ocrx_word' id='word_1_249' title='bbox 77 3482 202 3546; x_wconf 83' lang='lat' dir='ltr'>consilia</span> <span class='ocrx_word' id='word_1_250' title='bbox 236 3496 348 3545; x_wconf 87' lang='lat' dir='ltr'>nostra</span> <span class='ocrx_word' id='word_1_251' title='bbox 380 3481 512 3546; x_wconf 86' lang='lat' dir='ltr'>tendere</span> <span class='ocrx_word' id='word_1_252' title='bbox 546 3494 682 3566; x_wconf 85' lang='lat' dir='ltr'>oportet,</span> <span class='ocrx_word' id='word_1_253' title='bbox 709 3504 773 3545; x_wconf 90' lang='lat' dir='ltr'>non</span> <span class='ocrx_word' id='word_1_254' title='bbox 801 3504 898 3567; x_wconf 89' lang='lat' dir='ltr'>quam</span> <span class='ocrx_word' id='word_1_255' title='bbox 925 3482 991 3544; x_wconf 87' lang='lat' dir='ltr'>cito</span> <span class='ocrx_word' id='word_1_256' title='bbox 1015 3481 1133 3546; x_wconf 87' lang='lat' dir='ltr'>bellum</span> <span class='ocrx_word' id='word_1_257' title='bbox 1157 3481 1236 3567; x_wconf 87' lang='lat' dir='ltr'>geri,</span> <span class='ocrx_word' id='word_1_258' title='bbox 1260 3482 1314 3545; x_wconf 85' lang='lat' dir='ltr'>scd</span> 
     </span>
    </p>

    <p class='ocr_par' dir='ltr' id='par_1_9' title="bbox 38 3570 1316 4172">
     <span class='ocr_line' id='line_1_31' title="bbox 38 3570 1315 3667; baseline 0 -24"><span class='ocrx_word' id='word_1_259' title='bbox 38 3570 42 3579; x_wconf 53' lang='lat'>¹</span> <span class='ocrx_word' id='word_1_260' title='bbox 77 3604 166 3667; x_wconf 89' lang='lat' dir='ltr'>quam</span> <span class='ocrx_word' id='word_1_261' title='bbox 198 3583 282 3647; x_wconf 91' lang='lat' dir='ltr'>bene</span> <span class='ocrx_word' id='word_1_262' title='bbox 316 3581 433 3646; x_wconf 89' lang='lat' dir='ltr'>confici</span> <span class='ocrx_word' id='word_1_263' title='bbox 462 3582 571 3667; x_wconf 90' lang='lat' dir='ltr'>possit.</span> <span class='ocrx_word' id='word_1_264' title='bbox 622 3581 733 3667; x_wconf 81' lang='lat' dir='ltr'>Regna</span> <span class='ocrx_word' id='word_1_265' title='bbox 759 3604 795 3645; x_wconf 89' lang='lat' dir='ltr'>ac</span> <span class='ocrx_word' id='word_1_266' title='bbox 820 3582 990 3667; x_wconf 82' lang='lat' dir='ltr'>provinciae</span> <span class='ocrx_word' id='word_1_267' title='bbox 1013 3604 1076 3644; x_wconf 87' lang='lat' dir='ltr'>nou</span> <span class='ocrx_word' id='word_1_268' title='bbox 1100 3604 1137 3645; x_wconf 90' lang='lat' dir='ltr'>ca</span> <span class='ocrx_word' id='word_1_269' title='bbox 1158 3581 1315 3645; x_wconf 88' lang='lat' dir='ltr'>facilitate</span> 
     </span>
     <span class='ocr_line' id='line_1_32' title="bbox 77 3681 1316 3769; baseline -0.001 -24"><span class='ocrx_word' id='word_1_270' title='bbox 77 3696 308 3769; x_wconf 83' lang='lat' dir='ltr'>recuperantur,</span> <span class='ocrx_word' id='word_1_271' title='bbox 332 3705 398 3767; x_wconf 87' lang='lat' dir='ltr'>qua</span> <span class='ocrx_word' id='word_1_272' title='bbox 420 3682 622 3745; x_wconf 87' lang='lat' dir='ltr'>amittuntur.</span> <span class='ocrx_word' id='word_1_273' title='bbox 668 3683 717 3744; x_wconf 88' lang='lat' dir='ltr'>Sit</span> <span class='ocrx_word' id='word_1_274' title='bbox 738 3683 830 3746; x_wconf 91' lang='lat' dir='ltr'>uobis</span> <span class='ocrx_word' id='word_1_275' title='bbox 853 3682 1004 3768; x_wconf 89' lang='lat' dir='ltr'>exemplo</span> <span class='ocrx_word' id='word_1_276' title='bbox 1028 3681 1243 3769; x_wconf 66' lang='lat' dir='ltr'>*liispanrrs*,</span> <span class='ocrx_word' id='word_1_277' title='bbox 1260 3681 1316 3766; x_wconf 92' lang='lat' dir='ltr'>qui</span> 
     </span>
     <span class='ocr_line' id='line_1_33' title="bbox 77 3782 1316 3869; baseline 0.001 -25"><span class='ocrx_word' id='word_1_278' title='bbox 77 3783 159 3847; x_wconf 86' lang='lat' dir='ltr'>solus</span> <span class='ocrx_word' id='word_1_279' title='bbox 180 3807 266 3849; x_wconf 89' lang='lat' dir='ltr'>nunc</span> <span class='ocrx_word' id='word_1_280' title='bbox 289 3783 420 3847; x_wconf 80' lang='lat' dir='ltr'>videtur</span> <span class='ocrx_word' id='word_1_281' title='bbox 443 3796 524 3847; x_wconf 85' lang='lat' dir='ltr'>artes</span> <span class='ocrx_word' id='word_1_282' title='bbox 547 3782 703 3869; x_wconf 81' lang='lat' dir='ltr'>regnandi</span> <span class='ocrx_word' id='word_1_283' title='bbox 726 3797 848 3847; x_wconf 88' lang='lat' dir='ltr'>tenere:</span> <span class='ocrx_word' id='word_1_284' title='bbox 872 3783 899 3846; x_wconf 92' lang='lat' dir='ltr'>is</span> <span class='ocrx_word' id='word_1_285' title='bbox 923 3783 1049 3846; x_wconf 87' lang='lat' dir='ltr'>consilii</span> <span class='ocrx_word' id='word_1_286' title='bbox 1072 3784 1256 3846; x_wconf 87' lang='lat' dir='ltr'>maturitate</span> <span class='ocrx_word' id='word_1_287' title='bbox 1280 3806 1316 3845; x_wconf 89' lang='lat' dir='ltr'>ac</span> 
     </span>
     <span class='ocr_line' id='line_1_34' title="bbox 79 3882 1316 3972; baseline -0.001 -26"><span class='ocrx_word' id='word_1_288' title='bbox 79 3886 230 3971; x_wconf 87' lang='lat' dir='ltr'>propositi</span> <span class='ocrx_word' id='word_1_289' title='bbox 263 3883 444 3972; x_wconf 88' lang='lat' dir='ltr'>pertinacia</span> <span class='ocrx_word' id='word_1_290' title='bbox 472 3896 505 3947; x_wconf 89' lang='lat' dir='ltr'>et</span> <span class='ocrx_word' id='word_1_291' title='bbox 533 3882 664 3947; x_wconf 86' lang='lat' dir='ltr'>taedium</span> <span class='ocrx_word' id='word_1_292' title='bbox 688 3884 840 3969; x_wconf 83' lang='lat' dir='ltr'>temporis</span> <span class='ocrx_word' id='word_1_293' title='bbox 863 3898 896 3947; x_wconf 87' lang='lat' dir='ltr'>et</span> <span class='ocrx_word' id='word_1_294' title='bbox 918 3883 1058 3969; x_wconf 88' lang='lat' dir='ltr'>reliquas</span> <span class='ocrx_word' id='word_1_295' title='bbox 1083 3883 1243 3947; x_wconf 89' lang='lat' dir='ltr'>molestias</span> <span class='ocrx_word' id='word_1_296' title='bbox 1266 3904 1316 3945; x_wconf 91' lang='lat' dir='ltr'>su·</span> 
     </span>
     <span class='ocr_line' id='line_1_35' title="bbox 80 3983 1316 4070; baseline -0.002 -21"><span class='ocrx_word' id='word_1_297' title='bbox 80 3998 174 4068; x_wconf 84' lang='lat' dir='ltr'>perat,</span> <span class='ocrx_word' id='word_1_298' title='bbox 194 4010 259 4050; x_wconf 93' lang='lat' dir='ltr'>non</span> <span class='ocrx_word' id='word_1_299' title='bbox 282 3984 430 4050; x_wconf 86' lang='lat' dir='ltr'>curiosus</span> <span class='ocrx_word' id='word_1_300' title='bbox 453 3983 634 4061; x_wconf 86' lang='lat' dir='ltr'>admodum,</span> <span class='ocrx_word' id='word_1_301' title='bbox 658 4006 753 4070; x_wconf 90' lang='lat' dir='ltr'>quam</span> <span class='ocrx_word' id='word_1_302' title='bbox 775 3985 853 4063; x_wconf 89' lang='lat' dir='ltr'>cito,</span> <span class='ocrx_word' id='word_1_303' title='bbox 874 3985 929 4049; x_wconf 84' lang='lat' dir='ltr'>sed</span> <span class='ocrx_word' id='word_1_304' title='bbox 952 4008 1048 4070; x_wconf 88' lang='lat' dir='ltr'>quem</span> <span class='ocrx_word' id='word_1_305' title='bbox 1072 3997 1160 4049; x_wconf 86' lang='lat' dir='ltr'>certo</span> <span class='ocrx_word' id='word_1_306' title='bbox 1179 3983 1316 4047; x_wconf 88' lang='lat' dir='ltr'>destina·</span> 
     </span>
     <span class='ocr_line' id='line_1_36' title="bbox 78 4084 927 4172; baseline 0.004 -27"><span class='ocrx_word' id='word_1_307' title='bbox 78 4098 143 4149; x_wconf 86' lang='lat' dir='ltr'>tum</span> <span class='ocrx_word' id='word_1_308' title='bbox 166 4109 298 4172; x_wconf 86' lang='lat' dir='ltr'>scopum</span> <span class='ocrx_word' id='word_1_309' title='bbox 321 4087 460 4172; x_wconf 83' lang='lat' dir='ltr'>attingat</span> <span class='ocrx_word' id='word_1_310' title='bbox 481 4085 614 4170; x_wconf 87' lang='lat' dir='ltr'>votique</span> <span class='ocrx_word' id='word_1_311' title='bbox 636 4086 687 4150; x_wconf 92' lang='lat' dir='ltr'>sui</span> <span class='ocrx_word' id='word_1_312' title='bbox 709 4107 840 4170; x_wconf 90' lang='lat' dir='ltr'>compos</span> <span class='ocrx_word' id='word_1_313' title='bbox 862 4084 927 4149; x_wconf 87' lang='lat' dir='ltr'>fiat.</span> 
     </span>
    </p>

    <p class='ocr_par' dir='ltr' id='par_1_10' title="bbox 79 4183 1317 4774">
     <span class='ocr_line' id='line_1_37' title="bbox 159 4183 1317 4273; baseline -0.003 -23"><span class='ocrx_word' id='word_1_314' title='bbox 159 4186 312 4250; x_wconf 76' lang='lat' dir='ltr'>&#39;Poloni&#39;&#39;</span> <span class='ocrx_word' id='word_1_315' title='bbox 335 4187 446 4271; x_wconf 86' lang='lat' dir='ltr'>itaque</span> <span class='ocrx_word' id='word_1_316' title='bbox 469 4187 626 4273; x_wconf 88' lang='lat' dir='ltr'>potentia,</span> <span class='ocrx_word' id='word_1_317' title='bbox 648 4186 742 4249; x_wconf 89' lang='lat' dir='ltr'>sicuti</span> <span class='ocrx_word' id='word_1_318' title='bbox 765 4187 964 4271; x_wconf 87' lang='lat' dir='ltr'>aspernanda</span> <span class='ocrx_word' id='word_1_319' title='bbox 985 4208 1049 4247; x_wconf 90' lang='lat' dir='ltr'>non</span> <span class='ocrx_word' id='word_1_320' title='bbox 1072 4198 1130 4259; x_wconf 88' lang='lat' dir='ltr'>est,</span> <span class='ocrx_word' id='word_1_321' title='bbox 1147 4185 1193 4248; x_wconf 91' lang='lat' dir='ltr'>ita</span> <span class='ocrx_word' id='word_1_322' title='bbox 1209 4183 1317 4271; x_wconf 79' lang='lat' dir='ltr'>frangi</span> 
     </span>
     <span class='ocr_line' id='line_1_38' title="bbox 81 4284 1317 4372; baseline -0.002 -22"><span class='ocrx_word' id='word_1_323' title='bbox 81 4298 182 4369; x_wconf 86' lang='lat' dir='ltr'>potest</span> <span class='ocrx_word' id='word_1_324' title='bbox 211 4287 323 4350; x_wconf 87' lang='lat' dir='ltr'>multis</span> <span class='ocrx_word' id='word_1_325' title='bbox 357 4286 474 4351; x_wconf 90' lang='lat' dir='ltr'>modis:</span> <span class='ocrx_word' id='word_1_326' title='bbox 510 4287 648 4372; x_wconf 90' lang='lat' dir='ltr'>plurium</span> <span class='ocrx_word' id='word_1_327' title='bbox 682 4285 822 4350; x_wconf 89' lang='lat' dir='ltr'>hostium</span> <span class='ocrx_word' id='word_1_328' title='bbox 845 4285 1077 4363; x_wconf 71' lang='lat' dir='ltr'>invasionibus,</span> <span class='ocrx_word' id='word_1_329' title='bbox 1100 4285 1192 4371; x_wconf 82' lang='lat' dir='ltr'>regui</span> <span class='ocrx_word' id='word_1_330' title='bbox 1215 4284 1317 4370; x_wconf 88' lang='lat' dir='ltr'>ipsius</span> 
     </span>
     <span class='ocr_line' id='line_1_39' title="bbox 79 4384 1316 4473; baseline 0.002 -27"><span class='ocrx_word' id='word_1_331' title='bbox 79 4384 302 4465; x_wconf 83' lang='lat' dir='ltr'>devastatione,</span> <span class='ocrx_word' id='word_1_332' title='bbox 336 4409 411 4450; x_wconf 91' lang='lat' dir='ltr'>cum</span> <span class='ocrx_word' id='word_1_333' title='bbox 443 4386 613 4473; x_wconf 89' lang='lat' dir='ltr'>displicina</span> <span class='ocrx_word' id='word_1_334' title='bbox 648 4386 794 4451; x_wconf 85' lang='lat' dir='ltr'>militaris</span> <span class='ocrx_word' id='word_1_335' title='bbox 820 4387 918 4451; x_wconf 88' lang='lat' dir='ltr'>isthic</span> <span class='ocrx_word' id='word_1_336' title='bbox 946 4387 1037 4450; x_wconf 90' lang='lat' dir='ltr'>nulla</span> <span class='ocrx_word' id='word_1_337' title='bbox 1058 4386 1176 4450; x_wconf 88' lang='lat' dir='ltr'>servari</span> <span class='ocrx_word' id='word_1_338' title='bbox 1199 4386 1316 4463; x_wconf 77' lang='lat' dir='ltr'>soleat3</span> 
     </span>
     <span class='ocr_line' id='line_1_40' title="bbox 81 4485 1317 4573; baseline -0.001 -23"><span class='ocrx_word' id='word_1_339' title='bbox 81 4508 114 4550; x_wconf 87' lang='lat' dir='ltr'>ac</span> <span class='ocrx_word' id='word_1_340' title='bbox 133 4488 251 4566; x_wconf 87' lang='lat' dir='ltr'>nescio,</span> <span class='ocrx_word' id='word_1_341' title='bbox 271 4511 354 4552; x_wconf 88' lang='lat' dir='ltr'>anne</span> <span class='ocrx_word' id='word_1_342' title='bbox 378 4487 513 4552; x_wconf 85' lang='lat' dir='ltr'>Ordines</span> <span class='ocrx_word' id='word_1_343' title='bbox 537 4488 694 4551; x_wconf 88' lang='lat' dir='ltr'>malorum</span> <span class='ocrx_word' id='word_1_344' title='bbox 716 4487 929 4573; x_wconf 87' lang='lat' dir='ltr'>impatientia,</span> <span class='ocrx_word' id='word_1_345' title='bbox 953 4500 989 4551; x_wconf 86' lang='lat' dir='ltr'>ut·</span> <span class='ocrx_word' id='word_1_346' title='bbox 1012 4500 1061 4551; x_wconf 92' lang='lat' dir='ltr'>est</span> <span class='ocrx_word' id='word_1_347' title='bbox 1083 4509 1161 4573; x_wconf 83' lang='lat' dir='ltr'>gens</span> <span class='ocrx_word' id='word_1_348' title='bbox 1176 4485 1317 4549; x_wconf 86' lang='lat' dir='ltr'>licentiae</span> 
     </span>
     <span class='ocr_line' id='line_1_41' title="bbox 80 4586 1317 4673; baseline 0 -24"><span class='ocrx_word' id='word_1_349' title='bbox 80 4589 260 4673; x_wconf 87' lang='lat' dir='ltr'>cumprimis</span> <span class='ocrx_word' id='word_1_350' title='bbox 292 4587 414 4665; x_wconf 88' lang='lat' dir='ltr'>dedita,</span> <span class='ocrx_word' id='word_1_351' title='bbox 448 4610 576 4652; x_wconf 88' lang='lat' dir='ltr'>eausam</span> <span class='ocrx_word' id='word_1_352' title='bbox 609 4611 720 4653; x_wconf 86' lang='lat' dir='ltr'>eorum</span> <span class='ocrx_word' id='word_1_353' title='bbox 748 4589 891 4655; x_wconf 87' lang='lat' dir='ltr'>omnium</span> <span class='ocrx_word' id='word_1_354' title='bbox 918 4588 951 4652; x_wconf 91' lang='lat' dir='ltr'>iu</span> <span class='ocrx_word' id='word_1_355' title='bbox 981 4588 1141 4672; x_wconf 69' lang='lat' dir='ltr'>⁴&#39;Regem&#39;</span> <span class='ocrx_word' id='word_1_356' title='bbox 1164 4586 1317 4659; x_wconf 83' lang='lat' dir='ltr'>referens,</span> 
     </span>
     <span class='ocr_line' id='line_1_42' title="bbox 79 4687 1317 4774; baseline 0.001 -23"><span class='ocrx_word' id='word_1_357' title='bbox 79 4689 206 4753; x_wconf 78' lang='lat' dir='ltr'>undem</span> <span class='ocrx_word' id='word_1_358' title='bbox 236 4690 301 4755; x_wconf 84' lang='lat' dir='ltr'>sint</span> <span class='ocrx_word' id='word_1_359' title='bbox 332 4688 529 4753; x_wconf 83' lang='lat' dir='ltr'>difficiliores</span> <span class='ocrx_word' id='word_1_360' title='bbox 556 4688 669 4765; x_wconf 87' lang='lat' dir='ltr'>futuri,</span> <span class='ocrx_word' id='word_1_361' title='bbox 697 4689 822 4774; x_wconf 85' lang='lat' dir='ltr'>aliaque</span> <span class='ocrx_word' id='word_1_362' title='bbox 844 4689 979 4753; x_wconf 90' lang='lat' dir='ltr'>consilia</span> <span class='ocrx_word' id='word_1_363' title='bbox 1002 4689 1153 4765; x_wconf 87' lang='lat' dir='ltr'>secuturi,</span> <span class='ocrx_word' id='word_1_364' title='bbox 1176 4687 1317 4752; x_wconf 84' lang='lat' dir='ltr'>maxime</span> 
     </span>
    </p>
   </div>
   <div class='ocr_carea' id='block_1_3' title="bbox 0 0 1668 5362">
    <p class='ocr_par' dir='ltr' id='par_1_11' title="bbox 0 0 1668 5362">
     <span class='ocr_line' id='line_1_43' title="bbox 0 0 1668 5362; baseline 0 0"><span class='ocrx_word' id='word_1_365' title='bbox 0 0 1668 5362; x_wconf 95' lang='lat' dir='ltr'> </span> 
     </span>
    </p>
   </div>
  </div>
 </body>
</html>
