3248 5328
325 454 388 520 sto

285 620 416 700 vardha,
439 620 501 686 och
524 620 581 686 the
603 620 708 686 skolle
731 621 839 686 betala
860 619 940 686 hvar
962 621 1022 687 och
1046 643 1086 687 en
1107 620 1262 708 paningh‚
1287 642 1356 686 som
1383 621 1442 686 the
1458 620 1547 684 boa·

285 722 408 787 dhcrna
430 721 527 788 madh
549 734 634 787 orett
653 721 738 786 ifrsn
760 721 874 809 taghat
895 721 1016 787 haffuc.
1060 721 1211 787 Hviilket
1228 721 1309 809 jagh
1332 720 1436 787 adher
1459 732 1546 784 vun-

284 822 398 911 lighcn
419 823 491 889 icke
513 822 642 888 heffuer
663 821 789 888 kunnat
811 822 975 888 oiormullt
996 822 1093 888 latha
1130 822 1200 887 Och
1223 822 1282 886 vill
1304 822 1468 888 harmedh
1486 834 1546 886 etc.

285 924 335 989 Af
352 922 553 1011 mlluoghret
573 922 652 988 vidh
674 922 860 988 Fallkanaw
882 922 969 988 dhan
991 924 1011 987 9
1033 921 1181 988 Octobris
1203 926 1266 988 A:o
1289 924 1382 988 1626.

369 1080 449 1130 Eftar
467 1077 589 1129 Svenska
606 1044 805 1143 registraturat
819 1080 883 1127 lass
902 1077 950 1128 iol.
969 1081 1017 1128 70²
1031 1078 1092 1129 med
1106 1077 1279 1130 otvsrskrift:
1309 1078 1337 1128 »Ι
1350 1077 1548 1128 crassiorem

285 1176 389 1228 rampo
406 1163 452 1214 tm
471 1162 633 1213 Zachariam
650 1160 763 1225 Paulli.»

286 1636 360 1692 las.
403 1635 473 1692 vill
492 1635 718 1694 wenceslaus
739 1635 979 1705 Lacunam.

791 1736 917 1805 uarat
939 1735 996 1792 vid
1016 1735 1196 1793 rethorica
1217 1735 1252 1796 d.
1275 1736 1317 1791 10
1337 1732 1418 1790 Okt.
1442 1736 1544 1791 1020.

289 1950 457 2001 Godktnuar
473 1950 608 2015 torslagat
624 1965 669 2002 om
687 1951 760 2015 plats
778 1974 812 1986 —
829 1949 876 1999 vid
895 1950 997 2000 slonoa
1014 1973 1047 1985 -
1064 1950 1111 2000 tor
1127 1948 1466 2013 tndifflrhandltugsrns,
1479 1962 1541 1999 som

372 2034 458 2085 borda
477 2037 584 2098 oppres
603 2033 629 2083 d.
651 2036 680 2082 12
699 2033 772 2094 Oka,
791 2035 934 2086 assensum
951 2048 995 2085 om
1013 2032 1111 2097 idliets
1128 2033 1242 2085 storlok.

372 2162 563 2230 Redduntur
596 2162 676 2228 mihi
709 2162 771 2229 hoc
803 2164 875 2250 ipso
908 2176 1072 2228 momento
1098 2163 1200 2228 iitcroe
1223 2163 1315 2228 Duris
1340 2161 1391 2239 V.‚
1415 2162 1540 2248 quibus

289 2278 430 2330 mantem
453 2286 543 2330 suam
566 2263 711 2349 explicat
731 2264 816 2329 circs
837 2286 883 2339 ea,
906 2286 977 2351 quar
998 2263 1156 2350 explicari
1178 2285 1237 2350 per
1250 2262 1416 2349 delegatos
1432 2265 1539 2327 atrin-

290 2387 352 2453 que
384 2376 510 2429 nostros
542 2365 766 2452 nequiverunt.
821 2365 947 2429 Locum
971 2366 1009 2430 ad
1033 2364 1269 2452 Munchengart
1289 2364 1375 2428 inter
1397 2376 1537 2450 utraque

289 2478 395 2531 castra
427 2465 533 2530 media
563 2463 606 2552 [oz
629 2464 786 2553 medium]
806 2479 896 2553 puto,
920 2468 976 2531 sed
999 2478 1106 2531 tamen
1129 2488 1203 2530 cum
1226 2465 1265 2530 ed
1288 2463 1408 2529 Sionlra
1431 2464 1537 2552 magis

288 2566 425 2654 placeat,
458 2564 555 2631 facile
589 2566 766 2653 acquiesco.
821 2567 872 2632 Dc
902 2589 1035 2632 numero
1058 2565 1350 2631 commissariorum
1373 2588 1437 2629 uon
1459 2588 1535 2629 sum

289 2666 459 2743 sollicitus,
493 2666 693 2754 aderuntque
726 2680 775 2732 tot
808 2690 851 2732 ex
883 2680 991 2732 nostra
1023 2680 1124 2754 parte,
1153 2677 1233 2753 quot
1260 2665 1343 2731 inter
1364 2665 1535 2752 delegatos

289 2780 414 2833 nostros
437 2779 514 2832 sunt
536 2766 706 2855 adsignati.
752 2768 878 2832 Primus
900 2768 1038 2855 quisque
1059 2766 1129 2832 dics
1144 2765 1423 2832 commodissimus
1438 2780 1533 2843 esset,

289 2891 401 2934 verum
424 2888 497 2932 cum
520 2889 589 2932 sero
612 2867 784 2932 admodum
806 2882 840 2933 et
861 2868 921 2932 sub
944 2868 1135 2956 crepusculo
1151 2867 1282 2933 tubicen
1298 2880 1405 2933 vester
1420 2866 1532 2930 literas

289 2966 467 3045 tradiderit,
500 2982 537 3032 ut
569 2991 628 3033 neo
662 2969 768 3033 locum
801 2968 961 3055 inspicere
995 2992 1032 3034 ac
1058 2969 1239 3044 decernere,
1267 2989 1326 3032 nec
1349 2968 1530 3031 cautionem

289 3069 470 3135 securitatis
503 3069 635 3134 reddere
663 3081 737 3134 ante
759 3091 968 3157 congressum
990 3068 1096 3147 liceat,
1119 3069 1238 3134 idcirco
1260 3067 1473 3133 differendum
1494 3068 1529 3131 in

288 3170 375 3237 diam
400 3172 439 3235 12
462 3169 558 3255 hujus
581 3171 699 3239 mensis
722 3192 848 3249 censeo,
871 3183 967 3257 atquc
982 3170 1147 3255 delegatos
1162 3183 1287 3233 nostros
1303 3168 1473 3232 mittendos
1489 3167 1528 3232 sd

289 3270 406 3335 Slonco
437 3270 516 3335 hora
548 3292 632 3334 nona
659 3270 827 3347 matutina,
855 3272 941 3356 quod
964 3270 1071 3335 locum
1094 3289 1283 3357 congressus
1305 3268 1475 3345 destinent,
1497 3284 1529 3333 et

288 3370 492 3436 conditiones
514 3370 695 3436 securitatis
714 3371 866 3457 utrinque
886 3372 1106 3449 committent3
1129 3381 1165 3433 ut
1181 3368 1259 3433 horo
1274 3390 1357 3433 nona
1371 3369 1528 3434 matutine

288 3471 341 3537 die
374 3483 530 3559 sequente
564 3471 632 3536 sine
665 3471 898 3558 impedimento
931 3485 988 3538 aut
1014 3493 1139 3536 remora
1160 3468 1332 3535 convenire
1355 3490 1525 3555 possemus.

289 3571 468 3637 Numerum
502 3594 631 3660 quoque
663 3571 836 3637 comitatus
865 3572 1000 3659 accipio,
1027 3585 1065 3636 ut
1086 3569 1129 3636 sit
1150 3593 1169 3635 a
1191 3569 1334 3657 qualibet
1356 3584 1447 3656 parte
1468 3570 1528 3635 500

289 3671 437 3758 peditum
460 3684 493 3737 at
515 3672 555 3736 ad
578 3694 734 3737 summam
758 3673 820 3737 200
842 3672 1038 3759 equitum1).
1083 3672 1213 3736 Datum.

373 3826 463 3891 Kopta
481 3829 490 3878 i
509 3827 540 3877 K.
560 3826 746 3878 Statsarkivat
764 3830 773 3879 l
791 3830 974 3894 Roulgsbsrg⁸
993 3828 1085 3891 Oatpr.
1105 3826 1163 3877 sol.
1182 3828 1264 3876 sisa

374 3992 394 4056 ¹)
415 3996 511 4046 Polaka
538 3994 684 4046 kaualeros
710 3996 774 4047 bret
800 3997 886 4045 undar
903 3995 983 4044 dessa
1000 3994 1215 4057 forbandllngar
1233 3994 1316 4043 hasra
1333 3993 1359 4057 ej
1378 3993 1527 4044 antrtffats.

812 4262 1011 4271 --——--
