3314 5362
1258 469 1298 532 79

107 724 154 778 44.
196 722 213 777 1
233 715 424 779 rikaradets
445 736 562 781 namn.
607 724 677 781 'I'ill
698 724 826 781 Polslra
846 725 912 781 och
934 725 1141 782 Lithauiska
1160 720 1270 782 radet.

807 826 1011 883 amomum
1033 828 1067 882 s.
1090 827 1135 880 ao
1156 826 1225 896 maj
1248 830 1340 883 mas.

108 1006 184 1055 Deras
210 1011 328 1067 sensate,
356 1020 420 1070 nyss
447 1012 593 1068 mottagna
619 1005 689 1065 brat,
717 1007 805 1056 andra
831 1007 1049 1058 anderrattslser
1074 1007 1137 1057 tran
1159 1008 1309 1072 rlkadagen
1332 1012 1341 1061 1

183 1089 320 1138 Varschan
339 1094 411 1138 samt
429 1090 477 1138 det
496 1093 560 1150 satt,
579 1090 685 1154 hvarpd
702 1090 871 1154 polackarne
887 1091 1008 1155 slltjamt
1020 1093 1143 1141 bsmdtts
1158 1093 1340 1143 svenskarnes

181 1174 446 1233 iredsstrtlvandcu,
473 1172 544 1223 bado
571 1174 662 1222 starkt
690 1174 784 1224 desses
811 1175 965 1235 lormodan,
988 1180 1031 1224 att
1052 1175 1136 1225 Palen
1154 1175 1179 1237 ej
1199 1176 1235 1239 pt
1253 1179 1341 1227 allvar

183 1257 246 1306 eills
267 1258 340 1318 fred,
362 1262 429 1307 ntau
451 1259 524 1306 blott
541 1258 620 1308 salto
639 1258 724 1320 drage
741 1264 772 1307 ut
791 1258 826 1321 pt
845 1258 930 1308 tiden.
967 1260 1067 1309 Gustal
1086 1259 1169 1309 Adolt
1187 1261 1236 1309 vill
1254 1261 1339 1323 arllgt

181 1341 250 1402 fred,
267 1342 355 1391 aharu
373 1342 399 1404 ej
417 1342 455 1405 pa
471 1342 617 1405 skymlllga
634 1342 745 1402 rllllror,
763 1343 816 1392 och
835 1342 906 1392 lator
924 1344 1021 1393 durior
1039 1357 1163 1407 upprepa
1181 1346 1232 1393 sltt
1247 1345 1339 1394 anbud

181 1430 222 1474 att
240 1426 400 1487 tornandla,
418 1441 462 1477 orn
481 1425 730 1490 batullmuktlgada
743 1427 846 1479 ombad
857 1431 956 1490 ganast
968 1427 1084 1477 installa
1096 1427 1145 1492 εἰς,
1159 1441 1222 1477 men
1235 1428 1340 1492 nddgas

180 1510 247 1573 eljes
267 1509 342 1573 vatia
360 1510 460 1572 kriget.

180 1640 247 1703 Nos
268 1640 386 1724 inclyti
408 1640 514 1727 Regni
537 1639 659 1704 Sueciae
683 1642 853 1705 Senatores
877 1639 1162 1705 Reverendissimis
1185 1654 1236 1705 etc.

181 1739 447 1805 lneertitudinem
485 1741 661 1805 voluntatis
698 1754 810 1806 veatrae
846 1741 886 1804 de
919 1763 996 1827 pace
1030 1755 1169 1805 nostram
1202 1743 1342 1828 repetita

108 1840 192 1904 toties
224 1864 385 1905 armorum
419 1841 554 1906 cessatio
587 1854 621 1905 et
652 1842 769 1907 tentati
801 1843 921 1905 frustra
946 1854 1102 1906 tractatus
1125 1865 1280 1929 peperere
1304 1866 1339 1907 ac

108 1941 324 2006 confirmavere
357 1942 391 2005 in
425 1942 542 2006 animis
566 1943 693 2007 nostris.
738 1942 829 2006 Nihil
852 1965 929 2006 vero
951 1965 1023 2007 eam
1047 1942 1144 2007 altius
1166 1945 1340 2029 impressit,

108 2062 191 2126 quam
218 2043 319 2106 literae
348 2041 639 2130 D[0minationum]
665 2056 842 2107 vestrarum
869 2066 887 2107 e
911 2042 1176 2108 Varsariensibus
1199 2044 1340 2108 comitiis

109 2143 207 2226 paucis
230 2143 349 2206 abhinc
371 2143 485 2208 diebus
507 2143 650 2208 redditae.
663 2146 690 2229 ¹)

181 2244 354 2309 Cesserunt
387 2244 559 2330 aliquoties
592 2268 679 2308 arma
710 2258 827 2313 nostra.
861 2259 894 2309 et
927 2244 1086 2331 imprimis
1114 2268 1196 2308 anuo
1223 2245 1339 2310 abhinc

34 2336 35 2367 ³
109 2346 235 2429 seposita
258 2359 345 2419 sunt,
367 2345 458 2409 nullo
481 2345 546 2410 alio
567 2346 620 2424 (ut
642 2369 699 2409 nos
723 2347 852 2432 quidem
875 2347 1074 2428 censuimus)
1096 2344 1170 2424 fine,
1191 2368 1288 2432 quam
1304 2361 1340 2411 ut

34 2520 35 2535 χ
109 2446 238 2528 spacium
263 2445 357 2508 nobis
379 2446 532 2532 utrinque
555 2460 638 2511 esset
660 2446 894 2534 congrediundi
917 2459 950 2511 et
969 2448 1079 2537 quiete
1095 2447 1164 2511 siue
1180 2470 1340 2511 armorum

34 2568 35 2611 Τ
110 2558 186 2608 motu
219 2561 317 2632 atque
352 2546 567 2612 amicabiliter
595 2545 634 2610 de
657 2548 883 2611 controversiis
905 2549 1022 2611 nostris
1045 2548 1218 2612 statuendi.
1263 2548 1341 2611 Haee

109 2666 175 2708 eura
193 2660 305 2710 nostra
324 2647 399 2726 fuit,
426 2662 458 2712 et
480 2662 587 2713 restra
609 2671 677 2712 esse
700 2647 822 2713 debuit.
869 2649 1015 2714 Ursimus
1037 2650 1220 2737 negotium3
1243 2649 1342 2734 scrip·

109 2745 194 2809 simus
215 2747 328 2833 primi3
351 2761 492 2813 mentem
516 2749 546 2812 S.
569 2749 606 2813 R.
623 2749 813 2833 Majestatis,
829 2749 953 2813 domini
970 2751 1069 2814 nostri
1084 2750 1340 2827 clementissimi,

109 2844 265 2932 inparem
288 2847 528 2935 amicitiamque
551 2850 833 2936 propensissimam
857 2851 965 2914 testati
988 2873 1108 2927 sumus,
1133 2863 1229 2936 atque
1251 2873 1291 2915 ne
1307 2852 1341 2914 in

111 2949 226 3012 eosdem
259 2950 421 3036 scopulos,
456 2950 495 3014 ad
528 2973 608 3037 quos
635 2952 727 3015 navis
754 2963 950 3015 tractatuum
973 2964 1152 3015 nostrorum
1176 2951 1341 3037 hucusque

34 3104 35 3123 ,
111 3068 192 3129 passa
222 3050 427 3137 naufragium
461 3064 518 3129 est,
551 3051 670 3117 iterum
696 3051 960 3138 impingeremus,
983 3051 1106 3137 placuit
1127 3050 1263 3115 candide
1286 3075 1342 3114 vo-

111 3146 221 3212 biscum
254 3153 500 3229 communicare,
528 3176 598 3239 quae
624 3151 780 3218 hactenus
802 3152 1008 3229 obstiterunt,
1033 3167 1066 3216 et
1088 3164 1125 3214 ut
1145 3154 1339 3238 tempestive

111 3265 349 3328 removerentur,
383 3252 564 3318 admonere.
620 3254 752 3317 Interim
788 3276 949 3318 summum
984 3251 1068 3338 apud
1103 3275 1159 3315 vos
1189 3252 1229 3316 dc
1257 3276 1341 3315 novo

34 3368 35 3383 ¹
112 3351 189 3432 pacis
219 3366 360 3417 tractatu
394 3354 575 3433 silentium3
609 3367 704 3439 atque
733 3376 807 3418 ecce
834 3354 965 3417 comitia
987 3366 1101 3428 vestra,
1124 3352 1157 3416 in
1181 3376 1252 3439 quae
1275 3354 1341 3418 haec

111 3449 198 3515 relata
217 3454 319 3525 fuere,
344 3454 448 3519 multo
470 3478 539 3531 nos,
561 3477 657 3540 quam
680 3469 764 3530 ante,
787 3454 975 3518 incertiores
997 3455 1206 3518 reddiderunt
1227 3469 1293 3531 aut,
1306 3445 1343 3517 ut

112 3571 167 3615 uno
186 3555 283 3618 verbo
306 3555 461 3633 dicamus,
483 3578 573 3641 spem
595 3555 688 3619 nobis
703 3578 831 3619 omnem
847 3553 1068 3642 praeciderunt.
1099 3553 1342 3618 Commissarios

111 3648 169 3716 illic
190 3677 290 3719 novos
312 3656 560 3743 melioribusque
583 3671 616 3720 et
640 3655 797 3720 mandatis
820 3671 853 3720 et
876 3668 1033 3742 potestate
1056 3657 1176 3730 datum,
1189 3656 1285 3741 idque
1303 3655 1341 3718 ad

113 3773 161 3814 Ποῦ
185 3757 397 3843 perscriptum
423 3755 464 3819 iri
486 3759 681 3842 putavimus,
704 3780 841 3842 quorum
865 3755 934 3821 loco
958 3756 1059 3821 literae
1083 3757 1267 3822 mittuntur.
1290 3779 1342 3819 ve·

113 3864 184 3917 teres
214 3857 350 3941 injurias
383 3857 475 3920 novis
508 3858 736 3923 acerbitatibus
763 3858 975 3934 cumulantes,
999 3880 1037 3920 ea
1058 3856 1282 3944 ambiguitate,
1305 3870 1342 3920 ut

114 3955 180 4037 quid
202 3958 302 4021 velint
326 3956 599 4045 D[ominati]oues
621 3973 745 4036 vestrae,
768 3981 833 4022 non
855 3958 1088 4044 intelligamus.

185 4056 277 4121 Haud
302 4058 454 4145 equidem
477 4060 633 4136 videmus,
654 4082 806 4147 quorsum
826 4059 891 4123 illae
908 4059 1052 4135 tendant,
1068 4058 1132 4121 nisi
1148 4072 1183 4121 ut
1199 4058 1341 4121 animum

115 4150 140 4216 S.
167 4157 203 4221 R.
235 4159 414 4245 Majestatia
448 4159 571 4224 domini
597 4161 697 4225 nostri
725 4161 818 4224 novis
843 4160 971 4244 injuriis
994 4159 1223 4223 exacerbatum
1245 4158 1342 4221 etiam

115 4252 239 4323 inritum
272 4260 311 4325 ad
346 4283 434 4327 arma
466 4260 670 4346 compellant.
726 4261 814 4325 Dum
837 4263 969 4345 justam,
996 4260 1176 4336 decentem,
1199 4281 1341 4323 securam

116 4358 270 4439 querimus
305 4384 427 4447 pacem,
463 4361 558 4425 alieni
594 4384 611 4424 a
642 4361 812 4425 fraudibus
839 4376 934 4448 atque
960 4359 1087 4424 insidiis
1109 4358 1342 4446 verborumque

116 4458 300 4476 5——

187 4510 207 4575 ¹)
223 4516 349 4567 Namnda
364 4517 435 4577 brol,
454 4517 483 4566 at
496 4516 522 4565 d.
536 4520 567 4565 20
580 4516 652 4567 Mars
666 4520 740 4577 tart,
753 4517 840 4567 flnnas
852 4516 946 4578 tryckt
958 4515 1044 4564 bland
1058 4515 1092 4564 de
1109 4518 1195 4565 »Acta
1207 4512 1230 4577 tl·
1242 4514 1343 4564 Litora·

117 4597 160 4645 Aa
184 4600 339 4652 MDOXXI
345 4602 369 4648 V
390 4602 428 4650 ad
455 4600 624 4651 MDOXXV
646 4603 718 4650 inter
806 4601 910 4650 Saenia
937 4605 963 4648 et
990 4600 1108 4649 Paionia
1136 4600 1279 4649 attactas-ea

117 4689 291 4748 mactata»,
308 4687 412 4736 hrarur
430 4687 508 4735 detta
526 4690 558 4735 ar
574 4686 708 4735 hemtadr.
