3314 5362
35 2670 37 2703 r

35 2716 37 2789 i

35 2810 37 2861 i

1255 407 1294 471 97

98 574 146 645 uia
177 573 396 645 aestimaveris,
424 572 521 638 facile
544 571 717 658 judicabis,
744 596 796 638 me
824 595 897 638 vera
918 596 1056 649 narrare,
1079 573 1219 639 maxime
1242 573 1269 638 si
1291 575 1339 638 in·

99 674 325 738 celantissimos
349 673 456 760 gentis
479 697 583 739 mores
606 687 754 738 accurate
776 674 1018 739 examinaveris.
1164 744 1169 749 ‚

176 775 276 839 ’Dux
310 774 539 852 Radzivilius',
568 773 647 860 quid
673 774 778 861 egerit
798 797 873 839 cum
897 774 1086 840 'Generali'
1109 789 1220 840 nostro
1244 777 1338 841 ‘dtno

100 874 142 939 De
171 874 202 939 le
235 874 374 940 Gardie'
409 899 467 961 per·
496 874 664 939 'nuntium
692 875 882 955 secretum',
903 898 1078 962 cognosces
1101 900 1143 941 cx
1166 877 1338 942 'adiuncto

99 976 292 1062 exemplari*
307 978 349 1057 1);
371 976 470 1062 idque
492 976 619 1041 videbis
642 962 815 1040 convenire
837 999 910 1040 cum
933 976 983 1055 iis,
999 1000 1069 1063 quae
1088 976 1251 1042 vobiscum
1269 991 1338 1042 acta

99 1092 175 1141 snut.
220 1077 346 1140 Verum
370 1098 410 1141 an
432 1078 494 1141 ista
514 1076 650 1141 consilia
670 1099 713 1141 ex
735 1089 843 1141 nostro
865 1078 932 1141 sint
945 1098 1016 1154 usu,
1031 1092 1068 1142 tu
1084 1076 1237 1162 dijudica.
1265 1078 1338 1166 Ego

98 1191 178 1243 certe
212 1190 302 1263 puto,
336 1177 474 1243 salutem
508 1190 648 1242 nostram
679 1177 775 1241 nimis
797 1176 926 1241 infirmo
947 1179 1093 1242 innixam
1116 1178 1336 1257 fundamento,

98 1277 123 1341 si
141 1280 180 1343 ad
197 1302 273 1344 eum
290 1277 422 1342 modum
437 1277 574 1343 consilio
588 1291 697 1342 nostra
711 1277 933 1365 dirigerentur,
949 1302 1073 1366 nosque
1090 1279 1178 1344 brevi
1195 1292 1228 1344 et
1242 1280 1337 1344 facile

98 1402 252 1443 excausa
274 1403 341 1443 non
364 1378 458 1443 modo
476 1379 629 1464 juvandis
652 1378 757 1456 sociis,
780 1379 836 1443 sed
856 1377 986 1444 tuendis
1007 1379 1100 1444 nobis
1115 1380 1194 1466 ipsis
1208 1380 1337 1467 ineptos

98 1479 170 1559 fore,
192 1480 218 1544 si
242 1479 384 1544 inimicis
406 1480 522 1544 nostris
543 1494 670 1544 tantum
692 1479 727 1544 in
750 1501 807 1543 nos
830 1480 1000 1565 potestatis
1022 1482 1279 1545 concederemus.

177 1580 270 1644 tale.
314 1581 358 1645 Et
379 1604 443 1666 quo
464 1582 498 1645 in
520 1594 604 1645 stetu
627 1604 677 1645 res
700 1581 775 1655 sint,
798 1602 834 1644 ac
857 1580 933 1666 quid
949 1580 1019 1667 spei
1034 1581 1206 1667 reliquum,
1222 1583 1336 1667 saepius

99 1680 133 1743 ad
164 1704 215 1746 me
248 1680 421 1767 perscribe,
453 1704 495 1745 ne
528 1682 606 1768 quid
640 1682 693 1745 hic
726 1679 921 1767 negligetur,
950 1682 1035 1767 quod
1064 1682 1191 1747 adferre
1214 1682 1336 1769 aliquid

97 1783 251 1846 commodi
274 1806 379 1846 causae
401 1783 562 1869 communi
586 1782 696 1867 possit.
730 1781 852 1846 Iterum
874 1782 955 1846 vale.
993 1784 1113 1847 Datum
1131 1782 1338 1848 Stokholmiae

97 1882 144 1946 die
165 1884 215 1948 10.
238 1883 334 1974 danii
357 1886 455 1947 Anno
478 1885 570 1948 1625.

777 1965 914 2055 Magnis.
938 1979 1001 2032 tuae
1024 1968 1274 2031 studiosissimus

795 2066 935 2131 Axelius
958 2067 1172 2133 Oxenstierna
1194 2093 1258 2155 mp.
1348 2130 1351 2135 .

174 2186 209 2249 Si
237 2184 318 2272 quid
346 2184 399 2249 vel
422 2206 588 2271 perperam
612 2184 804 2249 translatum
827 2199 885 2261 est,
910 2185 961 2250 vel
983 2208 1048 2250 non
1070 2186 1145 2251 satis
1168 2186 1337 2252 emendate

98 2287 242 2372 scripturn
271 2287 307 2349 in
334 2284 468 2350 adiectis
491 2285 657 2363 chartulis,
680 2308 787 2371 quaeso
810 2286 1065 2370 ignoscas,cum
1088 2286 1232 2372 spacium
1257 2286 1336 2352 mihi

99 2387 220 2451 nonsit
242 2410 298 2451 ees
321 2387 499 2451 revidendi.

173 2511 195 2559 A
212 2514 307 2572 tergo:
326 2506 389 2557 Boc.
409 2508 574 2571 Gravenhag
592 2508 647 2557 den
666 2511 698 2556 80
716 2506 783 2557 aaut
803 2513 837 2557 st.
856 2522 881 2555 n.
900 2508 979 2557 Anno
1000 2512 1072 2557 lars.

173 2611 255 2660 strar
285 2609 475 2673 egenhandtgt
504 2609 626 2670 koncept
655 2609 664 2655 t
691 2606 876 2665 Riksarkiret,
904 2607 1038 2671 jamfdrdt
1063 2610 1126 2659 med
1153 2609 1302 2674 origlnalst
1327 2613 1338 2660 t

98 2693 223 2744 collectio
251 2693 400 2752 Cameren,
428 2692 576 2752 Miinehan,
603 2691 654 2740 dir
680 2692 780 2741 endast
806 2692 979 2742 underskritt
1003 2693 1054 2743 och
1076 2694 1174 2758 till‘tgg
1191 2697 1238 2742 tro
1257 2707 1337 2757 egen·

99 2775 217 2841 mndtga
254 2777 394 2839 Tillfiggst
416 2777 516 2826 saknas
540 2775 549 2823 i
570 2775 730 2838 konceptet.
766 2776 859 2835 Forat,
877 2777 964 2825 ehura
984 2777 1157 2840 bristtalugt,
1175 2778 1269 2841 tryckt
1287 2779 1337 2828 hos

35 2926 36 2937 γ
100 2859 207 2920 Moser,
226 2861 307 2910 Patr.
326 2859 439 2921 Archiv,
457 2860 503 2921 VI,
521 2860 573 2909 sid.
593 2863 624 2907 20
643 2859 671 2907 ff.

98 3200 149 3254 ts.
188 3193 419 3258 Irlksrddsts
440 3214 558 3257 namn.
602 3201 672 3256 ¹1¹ill
692 3200 821 3257 Polska
841 3201 907 3256 och
927 3199 1131 3256 Lithauiska
1151 3194 1262 3259 redet.

794 3301 997 3359 stockholm
1020 3301 1053 3356 d.
1076 3302 1116 3355 14
1136 3301 1220 3356 Juni
1241 3303 1336 3358 1625.

99 3480 160 3531 Srar
176 3484 211 3547 pa
229 3484 279 3533 det
298 3483 543 3546 polsk·ltthanlska
561 3482 654 3532 rddets
673 3482 779 3546 dupltk.
814 3464 961 3531 dterbllck
979 3482 1015 3545 pa
1033 3483 1084 3532 och
1102 3482 1239 3546 klagomal
1259 3484 1337 3533 diver

174 3568 357 3631 polaeknmes
383 3566 515 3628 atsndrga
541 3565 784 3629 undanslrjutands
811 3565 840 3614 af
866 3565 1010 3615 definitiva
1031 3566 1335 3628 fredsforhandltngan

175 3652 255 3700 derat
278 3652 349 3700 sista
367 3650 430 3700 bref
447 3651 477 3699 at
494 3651 519 3699 d.
542 3647 568 3715 ξ]
590 3649 645 3713 Mai
666 3649 723 3698 lika
742 3648 806 3698 utet
824 3650 963 3709 lofvande,
982 3663 1039 3698 som
1059 3650 1235 3712 foregaende.
1272 3651 1336 3699 Till-

175 3734 363 3785 bakavtsende
390 3735 420 3783 at
446 3733 640 3797 obertttigads
664 3733 797 3797 ansprtk:
820 3733 976 3796 fdrklarlng
993 3733 1112 3783 rorando
1131 3734 1337 3784 atillestandets

175 3820 359 3882 uppssgnrng.
403 3819 559 3881 Konnngen
586 3817 616 3866 at
639 3817 750 3879 Srerirre
774 3831 838 3869 rore
857 3818 937 3867 antid
955 3818 1082 3879 beregen
1100 3818 1144 3867 tor
1161 3818 1243 3880 billlg
1262 3818 1336 3876 fred3

176 3902 312 3965 forslaget
338 3916 380 3952 om
404 3918 441 3966 ny
463 3903 643 3964 forbandling
663 3902 673 3950 i
691 3901 852 3965 September
870 3903 971 3950 mellan
990 3902 1091 3951 honom
1109 3903 1118 3949 1
1137 3901 1205 3964 Rtga
1224 3902 1276 3952 och
1295 3902 1336 3951 Sl·

176 3986 301 4049 gismund
331 3987 338 4034 i
366 3986 447 4035 Vssna
474 3987 570 4035 durior
597 3990 722 4047 antapet,
749 4000 811 4033 men
838 3985 908 4048 finge
936 3985 990 4035 den
1013 3986 1060 4034 ske
1085 3985 1172 4034 under
1189 3999 1286 4048 vapen,
1305 3992 1335 4047 ty

176 4070 368 4119 atillestandat
385 4070 479 4119 kunde
498 4068 523 4132 ei
542 4070 637 4133 ltngre
656 4070 805 4132 tdrltngas.

338 4199 407 4263 Noa
430 4198 545 4283 inclyti
568 4200 674 4285 Regni
697 4198 1085 4275 SueciaeSenatorssetc.

176 4299 306 4364 Tentati
340 4322 424 4385 saepe
452 4323 471 4363 a
497 4300 590 4363 nobis
612 4312 687 4363 sunt
710 4313 861 4363 tractatus
885 4299 982 4385 pacis,
1005 4297 1116 4362 sedin
1139 4298 1224 4363 hune
1247 4300 1333 4363 diem

103 4393 184 4461 irrito
215 4413 332 4464 conatu
367 4412 461 4486 atque
496 4413 624 4490 eventu,
657 4400 755 4487 idque
782 4400 822 4463 ob
849 4399 1013 4464 defectum
1031 4400 1126 4483 justae
1149 4413 1183 4463 et
1204 4400 1334 4488 negocii

178 4536 196 4595 ¹)
214 4541 298 4590 Detta
311 4538 453 4595 Radrtvils
471 4540 576 4603 tdnlag
591 4539 642 4588 har
660 4539 685 4602 ej
704 4539 811 4588 kannet
828 4537 970 4587 antrdffas.
1006 4537 1055 4587 Orn
1074 4539 1138 4588 deas
1155 4539 1280 4589 innehall
1297 4539 1336 4602 jtr

104 4616 167 4668 dock
181 4622 266 4672 Jacob
284 4623 326 4672 Da
343 4624 373 4672 la
391 4623 508 4672 Gardlss
527 4622 588 4681 bret
605 4624 649 4672 tnl
667 4623 814 4686 konungen
833 4623 858 4671 d.
880 4627 908 4670 ll
929 4621 984 4684 Maj
1005 4626 1069 4671 1625
1087 4623 1168 4681 (Acta
1186 4622 1335 4685 Histortca,

178 4724 234 4771 Aur
253 4725 416 4774 &marma
435 4725 456 4772 1.·
474 4728 497 4771 3.
1250 4719 1266 4769 7
