3212 5352
1204 454 1265 519 163

15 636 16 645 ²
72 621 167 685 culter
188 619 412 706 recuperande
434 632 608 697 teneretur,
631 633 669 684 ut
690 633 739 685 est
761 642 840 706 gens
863 619 1018 684 Polonicu
1040 636 1306 707 presumptuosa,

74 721 168 785 risum
191 736 241 785 est
263 720 295 785 S.
319 721 355 786 R.
379 721 451 786 Mtti
474 743 562 785 arma
583 742 641 784 aua
663 721 746 786 ferre
769 721 802 784 in
823 721 1029 786 Lithvanism
1045 744 1157 808 usque,
1172 735 1243 786 ium
1259 735 1305 799 ut,

15 976 16 981 ’
71 978 203 1041 adpellere
225 979 375 1041 sedemque
397 976 466 1027 belli
484 977 620 1028 collocare
639 986 745 1041 posset;
764 983 795 1025 ut
813 978 978 1041 quantocius
997 977 1067 1028 certi
1085 978 1152 1041 quid
1171 982 1306 1027 statuere-

15 1052 16 1107 ι
72 1065 117 1121 tur,
141 1066 169 1111 et
197 1064 326 1126 pecunia,
352 1063 375 1111 sl
398 1062 464 1125 quid
487 1061 540 1111 hoc
559 1075 631 1112 auno
649 1066 808 1125 susceptum
826 1062 941 1122 vellent,
960 1076 974 1111 e
993 1063 1111 1125 vestigio
1130 1062 1307 1125 colligeretur

15 1136 16 1139 '
72 1151 97 1194 et
110 1146 274 1195 traderetur.
309 1144 432 1195 Adiectio
450 1150 480 1194 st
496 1159 591 1209 paucio
609 1147 671 1196 alise
685 1144 1025 1206 condicioneserant‚sed
1038 1132 1305 1195 minorisincmenti.

128 1229 304 1279 Videbantur
321 1230 379 1278 bisc
397 1231 515 1280 consilia
532 1230 678 1279 dividendi
696 1231 833 1279 exercitus
851 1230 1000 1279 communis
1014 1242 1068 1279 uun
1081 1229 1173 1279 aliena
1186 1244 1202 1277 a
1215 1243 1305 1278 rerum

71 1316 192 1376 presenti
209 1318 295 1373 statu,
313 1319 342 1363 et
360 1315 384 1363 si
401 1312 596 1364 convenissent
613 1315 698 1376 legati
717 1314 837 1363 omnium
855 1327 949 1377 regum
968 1320 997 1363 et
1011 1315 1177 1377 principum,
1191 1328 1306 1376 quorum
1363 1320 1369 1331 ·

15 1406 16 1447 3
68 1396 177 1448 interest
203 1402 307 1447 cuncta
332 1397 441 1447 restitui
467 1401 495 1447 ιιι
523 1399 668 1461 pristinum
691 1402 803 1457 statum,
827 1397 961 1448 credibile
979 1404 1030 1459 est,
1048 1403 1214 1447 conventum
1231 1398 1305 1447 huuc

15 1480 16 1551 ζ
68 1482 168 1545 aliquid
194 1483 291 1531 solatii
317 1481 475 1531 adlaturum
501 1482 642 1545 oppressis
668 1481 763 1531 inisse.
807 1481 930 1545 Ideoque
951 1481 977 1530 8.
996 1481 1024 1530 R.
1043 1482 1125 1531 listas
1143 1482 1179 1530 ad
1197 1483 1305 1545 priores

67 1566 246 1630 cogitationen
277 1568 353 1628 cepit
378 1565 478 1625 redire,
505 1569 535 1614 et
561 1567 585 1614 si
611 1565 678 1628 quid
705 1567 827 1615 salutare
855 1570 1034 1626 statueretur,
1059 1565 1242 1630 gerendaque
1264 1567 1304 1614 rel

70 1650 137 1698 remi
162 1648 448 1708 subministrarentur,
475 1654 507 1698 ut
529 1650 622 1698 omnia
642 1656 702 1698 tum
720 1650 794 1713 apud
811 1664 861 1698 nos
879 1655 979 1713 parata
996 1649 1185 1713 expeditaque
1203 1655 1306 1711 esseut,

68 1747 176 1797 cumque
203 1747 260 1783 nou
288 1732 435 1782 difficulter
459 1733 580 1796 judicari
607 1738 709 1796 posset,
732 1733 806 1796 Rege
828 1734 923 1783 Dante
946 1742 995 1796 pro
1013 1734 1111 1784 eadem
1129 1747 1213 1783 causa
1230 1733 1306 1783 iabo-

69 1822 139 1867 rsnte
164 1820 220 1867 iter
246 1818 282 1866 ad
311 1815 446 1879 Visurgim
472 1816 609 1866 exercitui
636 1822 731 1866 nostro
759 1832 815 1867 nou
840 1818 901 1866 iore
924 1817 1106 1877 commodum,
1125 1818 1243 1881 ideoque
1261 1817 1306 1867 vel

66 1901 133 1951 ierrc
159 1904 230 1951 riam
259 1914 310 1965 psr
336 1901 476 1951 Poluniam
504 1901 691 1965 aperiendam,
718 1903 762 1950 vel
784 1901 936 1951 exercitum
958 1912 1044 1965 prope
1062 1903 1166 1952 limites
1185 1902 1305 1952 Poloulae

70 1985 223 2045 ducendum,
250 1991 284 2035 ut
310 1984 411 2035 beilum
439 1999 501 2035 cum
527 1986 580 2036 isto
606 1984 702 2048 Regno
726 1988 826 2036 evitari
848 1987 924 2035 nullo
943 1985 1024 2035 modo
1043 1991 1146 2049 posset,
1163 1986 1193 2036 id
1211 1986 1245 2035 de
1264 2000 1305 2036 ro·

70 2070 217 2120 nunciaudo
237 2070 356 2120 induciis
375 2071 520 2119 consilium
539 2073 605 2119 ante
623 2074 734 2133 captum
753 2074 783 2120 et
800 2070 824 2119 S.
844 2070 872 2118 R.
892 2069 973 2119 listas
991 2072 1078 2132 magis
1091 2071 1232 2134 magisque
1245 2085 1305 2134 pro·

72 2152 139 2201 bavis
155 2160 184 2205 et
201 2153 346 2204 declarare
365 2155 482 2203 ulterior
500 2153 589 2203 literis
607 2154 734 2217 repetitis
751 2153 842 2216 jussit.

144 2239 256 2289 Interea
276 2237 334 2287 Rex
351 2237 447 2287 Dsnloe
466 2239 584 2287 consilia
601 2252 663 2286 cum
681 2238 808 2288 illectore
826 2237 1048 2302 Braudeburgicc
1066 2240 1259 2299 communicat,
1277 2244 1305 2288 et

70 2322 96 2371 in
118 2323 185 2372 banc
213 2323 353 2384 Principis
379 2323 490 2371 Auraici
517 2324 684 2371 seutentiam
712 2321 892 2383 descendunt,
917 2327 947 2371 ut
965 2327 995 2371 et
1012 2322 1069 2372 Rex
1086 2323 1182 2372 Daniae
1201 2324 1305 2386 cupiat,

70 2405 94 2454 t.
108 2406 135 2455 R
152 2407 245 2456 litem
263 2419 374 2455 musam
393 2420 562 2455 communem
582 2406 717 2467 agendam
737 2407 886 2469 succipere,
905 2405 945 2456 ιιιι
962 2410 1064 2467 tumen,
1081 2411 1112 2456 ιιι
1129 2405 1184 2455 Rex
1197 2407 1306 2456 Britan·

73 2491 117 2538 uie
136 2497 164 2540 et
185 2490 328 2554 principer
350 2489 454 2539 circuli
472 2489 602 2539 Saxoniol
620 2490 764 2539 Interioris
782 2504 832 2539 sua
849 2492 903 2553 ipsi
920 2490 1044 2540 subsidia
1061 2490 1225 2553 adiungunt,
1241 2490 1304 2540 reli·

71 2576 124 2637 quis
139 2576 162 2624 8.
181 2574 210 2623 R.
230 2574 290 2624 lici
309 2573 559 2633 contribuentibus‚
578 2579 661 2637 atque
679 2575 775 2624 istbaec
794 2576 883 2624 missis
899 2576 981 2624 simul
996 2575 1098 2638 legatis
1116 2575 1172 2624 suis
1188 2580 1304 2638 uterque

69 2657 134 2707 uli
152 2659 209 2708 ιιιιι
228 2658 376 2721 siguificat.
412 2658 529 2721 Tempus
546 2658 658 2708 interim
676 2659 824 2708 labebatur
838 2658 949 2718 trustra,
963 2664 992 2708 et
1004 2658 1095 2709 indies
1108 2659 1305 2709 oboriebautur

73 2743 175 2793 maiores
198 2742 387 2792 difficultates.
427 2742 497 2801 Quia
515 2749 607 2791 tamen
625 2743 683 2792 Rex
701 2743 797 2791 Danisc
816 2743 885 2792 adeo
904 2744 1026 2793 animose
1045 2756 1134 2793 causes
1153 2745 1304 2792 communis

69 2829 242 2888 patrocinium
262 2827 409 2876 videbatur
427 2827 583 2888 adgressus,
601 2833 630 2876 et
648 2826 796 2877 constabat
812 2828 889 2876 illum
907 2832 936 2876 et
953 2828 1123 2877 authoritate
1136 2832 1165 2877 et
1177 2828 1303 2890 exemplo

71 2910 204 2972 plurimum
225 2910 300 2973 apud
318 2910 449 2973 reliquos,
466 2910 593 2974 inprimis
611 2911 764 2960 Germania
782 2911 922 2975 principes
939 2912 1041 2971 valere,
1060 2912 1210 2960 accedente
1229 2912 1305 2960 illec-

71 2998 122 3043 tcrs
147 2994 379 3055 Brandeburgico,
405 2994 430 3044 S.
453 2995 482 3043 R.
505 2995 586 3044 ιιιιιιι
608 2997 697 3045 csusis
715 2995 892 3045 deliberandi
911 2996 1022 3045 reiectis
1041 2995 1151 3058 accepit
1168 2994 1304 3044 conditio·

73 3091 125 3127 ueni
149 3079 243 3140 cundi,
265 3080 289 3128 si
309 3092 467 3129 communes
485 3080 566 3129 amici
583 3093 683 3129 uersos
701 3079 767 3129 belli
786 3079 861 3128 iuter
878 3084 1023 3142 utrumque
1041 3080 1139 3143 Regem
1159 3078 1304 3142 aequaliter

70 3160 224 3213 dividendos
251 3162 364 3211 darent:
387 3162 513 3226 Inprimis
532 3163 555 3211 si
572 3165 718 3227 pecuniam
737 3165 765 3212 in
786 3167 817 3211 10
835 3168 943 3212 tuntum
962 3165 1115 3226 regimenta
1132 3162 1257 3226 peditum
1276 3168 1305 3211 et

70 3247 135 3305 3,οω
151 3248 277 3311 equitum
295 3261 345 3309 pro
363 3261 457 3297 eorum
476 3249 687 3311 conscriptioue,
705 3247 838 3297 trimestri
856 3248 997 3310 stipendio
1016 3251 1045 3297 et
1063 3248 1145 3296 armls
1160 3247 1185 3296 S.
1200 3247 1229 3295 R.
1244 3246 1303 3295 bitti

71 3330 94 3377 in
118 3336 288 3381 suteesssum
312 3330 531 3392 contribuerunt,
554 3332 655 3382 deiude
673 3333 707 3381 ds
726 3346 819 3381 mense
837 3334 867 3381 in
884 3346 1005 3381 mensem
1024 3331 1106 3381 militi
1123 3332 1304 3391 satisfacturi,

69 3415 158 3464 utteris
184 3416 253 3465 belli
276 3415 407 3464 oneribus
431 3416 456 3464 S.
476 3415 535 3465 ιιιιι
553 3416 790 3473 incumbentibus;
809 3418 833 3465 si
850 3417 950 3477 iocum,
968 3416 1016 3465 ubi
1034 3416 1103 3466 belli
1120 3416 1202 3466 sedes
1220 3417 1305 3466 collo·

69 3504 174 3558 οιιιιιιι,
200 3499 246 3549 rei
273 3500 300 3547 vi
326 3500 454 3549 iacerent
475 3500 520 3548 vei
539 3503 726 3550 transactione
744 3506 887 3564 pararent;
907 3500 1076 3563 scdenique
1094 3502 1229 3549 sicerum
1247 3514 1304 3550 om·

70 3582 135 3631 nium
152 3583 177 3631 S.
196 3583 226 3632 R.
245 3583 328 3631 littae
346 3583 382 3632 ad
401 3583 474 3632 diem
492 3584 617 3633 ultimum
635 3584 713 3634 Juuii
730 3584 831 3635 certior
849 3585 1020 3634 redderetur.

142 3667 268 3716 Dimissis
288 3667 399 3728 legatis,
417 3672 586 3716 convocatur
603 3667 692 3728 mlies,
710 3674 825 3732 paratur
843 3671 938 3719 classis
956 3673 985 3716 et
1004 3667 1112 3730 reliqua
1130 3669 1192 3717 usui
1209 3668 1304 3717 iuturu

67 3750 238 3811 expeditioni,
265 3755 297 3799 ut
323 3765 358 3799 ne
386 3750 453 3814 quid
474 3751 556 3811 desit,
579 3765 639 3800 cum
658 3755 835 3815 poposcerint
853 3752 934 3801 amici
952 3764 1166 3815 responsumque
1185 3753 1302 3814 negocio

69 3834 296 3883 accommodatum
321 3834 459 3884 dederint,
495 3835 595 3884 Verum
613 3836 677 3885 dum
695 3837 725 3884 in
742 3836 792 3884 has
811 3836 995 3900 cogitationes
1013 3838 1152 3898 erigimur,
1170 3835 1303 3897 intelligi·

69 3929 120 3966 nus
136 3918 299 3969 absentibus
317 3919 512 3982 plerorumque
530 3919 684 3982 principum
703 3921 803 3982 legatis
817 3920 887 3970 nihil
901 3920 986 3983 Hagae
1000 3920 1115 3969 Comitis
1129 3922 1219 3968 actum
1232 3933 1302 3968 esse.

70 4001 178 4052 Advenit
200 4002 304 4052 deinde
326 4002 361 4051 iis
379 4003 447 4065 Ipsis
465 4002 563 4053 diebus
582 4004 660 4052 d:uus
679 4003 809 4066 Spsnslus
827 4006 934 4067 legatus
953 4019 969 4052 u
987 4003 1060 4067 Rege
1079 4002 1237 4061 Britannice,
1255 4002 1303 4051 do·

69 4085 161 4135 uinum
179 4100 258 4135 suum
277 4098 421 4145 excusans,
440 4088 514 4149 quod
533 4101 641 4150 pressus
664 4087 742 4149 gravi
760 4093 916 4152 sumptuum
934 4090 1006 4137 mole
1021 4098 1093 4136 nunc
1108 4086 1218 4150 quidem
1231 4086 1302 4136 nibil

70 4170 146 4228 posuit
171 4170 225 4220 huc
252 4170 390 4231 conterre,
416 4185 467 4220 uec
493 4172 629 4220 rationem
657 4171 753 4220 videat
774 4172 856 4220 urbes
875 4185 907 4221 ac
925 4176 1022 4234 portus
1039 4174 1143 4234 petitus
1160 4170 1301 4231 tradendi,

69 4262 158 4313 rogans
182 4255 373 4315 nibilominus,
396 4259 427 4304 ut
449 4254 474 4302 S.
496 4254 526 4302 R.
549 4253 629 4303 littus
647 4253 750 4316 Regem
769 4255 871 4313 Dantur,
890 4258 938 4317 qui
955 4256 1009 4304 huc
1026 4269 1098 4304 nuuc
1117 4254 1237 4304 animum
1256 4256 1302 4304 ad·

71 4336 182 4397 pulisset,
209 4338 296 4399 magis
323 4339 454 4387 incitaret
476 4343 505 4388 et
526 4344 700 4401 permoveret
718 4338 754 4387 ad
772 4338 992 4401 amplectendam
1012 4353 1105 4389 curam
1124 4352 1213 4388 cause
1231 4352 1302 4389 com·

74 4421 156 4469 nuris.
190 4422 253 4484 Ipsa
272 4436 381 4484 quoque
399 4424 538 4486 speratus,
556 4437 618 4472 cum
637 4424 666 4471 in
686 4422 767 4472 Terei
782 4422 878 4472 literas
892 4422 917 4471 S.
930 4424 959 4472 R.
974 4423 1047 4472 listis
1060 4437 1116 4471 uua
1127 4436 1189 4471 oum
1202 4423 1302 4487 agendi

73 4506 199 4560 missum
217 4507 383 4569 accepisset,
402 4507 436 4556 de
454 4508 568 4571 negocio
587 4508 739 4570 desperans
758 4506 902 4569 missisque
921 4507 1110 4556 instrumentis
1129 4507 1166 4556 ιιιι
1178 4507 1301 4558 residen-

74 4586 121 4634 tem
144 4588 334 4654 Rntligersium
358 4589 411 4638 buc
432 4592 583 4653 navigavit.
624 4592 681 4641 Nec
699 4593 786 4641 multo
804 4596 867 4653 post
885 4590 972 4640 literae
991 4590 1093 4640 sdiutae
1110 4597 1174 4640 sunt
1194 4606 1210 4640 ιι
1227 4592 1301 4654 Rege

74 4666 164 4733 Daciae,
180 4675 281 4737 quibus
301 4673 445 4722 consilium
464 4689 496 4724 ac
515 4677 685 4737 propositum
705 4675 730 4722 S.
749 4675 777 4723 li.
791 4675 864 4724 letis
884 4689 938 4724 nou
958 4676 1067 4738 quidem
1086 4675 1235 4738 displicere
1247 4676 1301 4724 sibi
