3264 5354
274 833 305 887 t.
349 832 419 889 ’ΜΠ
440 832 628 900 fllgmnndt
649 847 715 888 von
737 831 879 893 (ὕψου.
980 830 1182 901 Jonkopmg
1203 832 1236 887 d.
1258 833 1304 887 20
1326 832 1403 887 Jan.
1425 830 1523 888 102⁵.

275 1047 498 1111 Slebenbflrgsna
516 1047 666 1096 ntrmands
684 1046 770 1097 borda
788 1045 814 1109 el
832 1047 951 1111 alboin,
969 1050 1038 1097 enar
1054 1046 1117 1096 deas
1136 1046 1259 1110 vtnskap
1277 1046 1370 1095 kunde
1389 1045 1479 1094 bllha
1492 1046 1525 1094 at

360 1131 471 1194 myoket
488 1144 558 1195 gago
577 1135 646 1194 gant
663 1136 738 1181 amot
756 1131 841 1180 Polsn
860 1130 911 1180 och
930 1115 1081 1181 llsterrike.

588 1327 762 1415 Magnifice
786 1340 881 1415 atque
905 1327 1116 1392 Nobilissime
1138 1326 1208 1392 Vir.

358 1496 460 1561 Nulla
492 1495 625 1583 quidem
659 1495 816 1560 hactenus
850 1496 881 1559 S.
915 1496 952 1561 R.
982 1496 1065 1574 Mzti,
1093 1495 1225 1560 domino
1247 1509 1358 1560 nostro
1381 1495 1525 1561 clemen-

274 1596 410 1674 tissima
432 1620 507 1662 cum
529 1597 753 1682 Tranaylvano
776 1596 927 1683 Principe
948 1595 1016 1662 fuit
1037 1595 1300 1674 communicatio,
1320 1595 1407 1682 quod
1421 1597 1529 1682 poulov

274 1696 404 1784 longius
432 1697 543 1762 abesse
571 1697 745 1775 videratur,
766 1710 837 1762 tum
859 1697 931 1761 aliis
953 1720 1080 1784 quoque
1103 1696 1143 1763 de
1166 1697 1286 1775 causis;
1309 1719 1422 1761 verum
1444 1719 1522 1761 curn

275 1821 316 1862 cx
350 1798 410 1862 hac
441 1798 603 1864 destinata
631 1800 671 1862 ad
693 1797 724 1861 S.
747 1797 860 1863 Mztem
882 1810 979 1884 atque
1002 1797 1042 1861 ad
1066 1796 1313 1862 Serenisaimum
1337 1796 1523 1861 Electorem

275 1897 598 1986 Brandeburgensem
632 1898 805 1986 legatione,
843 1912 915 1985 post
951 1897 986 1962 in
1021 1897 1157 1963 Polonia
1188 1898 1377 1984 intercepta,
1412 1912 1527 1984 pateat

274 1999 368 2063 illum
392 1998 570 2065 amicitiam
593 2000 623 2064 S.
648 2000 685 2065 R.
710 2000 798 2065 Mttis
820 2023 857 2064 ao
880 1998 995 2064 domus
1017 1997 1288 2086 Brandeburgicae
1310 2021 1450 2084 quaerere
1475 2013 1525 2062 at·

275 2123 338 2185 que
371 2123 489 2189 magno
523 2100 692 2177 aetimare,
726 2100 813 2166 haud
836 2100 967 2165 videtur
988 2099 1173 2163 consultum
1200 2098 1339 2163 oblatam
1363 2099 1446 2164 hanc
1468 2101 1523 2164 sui

274 2201 424 2265 firmandi
456 2201 647 2266 facultatem
681 2216 714 2266 et
742 2201 943 2269 occasionem
968 2223 1026 2286 per
1047 2198 1198 2264 inertiam
1221 2199 1401 2287 negligere.
1446 2200 1524 2265 Cre-

274 2300 375 2366 dibile
409 2316 458 2367 est
490 2303 750 2389 Transylvanum
778 2301 876 2364 nullis
903 2299 1066 2366 illecebris
1089 2313 1271 2387 permotum
1294 2300 1333 2365 iri
1356 2301 1389 2364 in
1412 2316 1526 2387 partes

275 2402 416 2479 Caesaris,
440 2404 467 2466 si
490 2402 576 2467 absit
597 2403 780 2489 desperatio
802 2413 904 2466 status
927 2401 978 2466 aui
1000 2400 1224 2480 conservandi,
1240 2424 1315 2466 oum
1331 2416 1364 2466 ct
1379 2402 1524 2488 prudens

274 2517 452 2591 cautusque
485 2526 554 2569 ease
588 2503 725 2579 dicatur,
758 2516 791 2567 et
817 2502 903 2567 vires
930 2501 1049 2568 hebeat
1070 2526 1135 2566 non
1157 2501 1419 2577 contemnendas,
1442 2526 1522 2588 prae-

274 2605 385 2671 sertim
419 2604 537 2691 opibus
571 2604 719 2669 'Furcicis
747 2603 917 2681 suffultum
951 2603 1074 2667 Polono
1102 2616 1209 2668 autem
1228 2601 1423 2688 jamdudum
1444 2625 1522 2668 eum

275 2706 352 2770 alias
380 2706 421 2770 ob
448 2728 560 2770 causas
582 2704 729 2770 infensus
752 2716 811 2780 est,
834 2718 904 2767 tum
928 2727 1011 2791 agre
1033 2704 1117 2769 feret
1139 2704 1282 2792 legatum
1305 2726 1399 2767 suum
1421 2704 1523 2768 inter-

274 2819 418 2892 ceptum,
452 2806 625 2893 literaeque
660 2821 694 2872 et
726 2806 878 2869 mandata
911 2826 969 2869 sua
1001 2804 1053 2869 illi
1087 2804 1247 2892 adempta.
1291 2805 1416 2870 Domus
1441 2828 1522 2869 vero

201 2898 204 2907 ¹
272 2906 447 2972 Austrinos
480 2907 560 2971 adeo
583 2907 699 2991 juncta
725 2907 848 2971 Polono
871 2920 921 2971 ost
942 2918 976 2969 et
999 2904 1156 2970 affinitate
1179 2918 1214 2970 et
1236 2907 1344 2971 animo
1367 2921 1400 2971 et
1422 2906 1522 2972 desti·

273 3006 413 3085 natione,
437 3021 474 3071 ut
496 3006 607 3071 nullus
630 3006 780 3094 princeps
803 3006 940 3093 Europae
956 3029 1042 3070 nunc
1058 3006 1108 3085 sit,
1124 3006 1187 3070 nisi
1204 3029 1245 3071 ex
1260 3007 1331 3093 ipsa
1346 3006 1521 3071 Austriaca

272 3110 368 3174 domo
401 3121 499 3184 onus,
532 3109 588 3194 qui
622 3107 737 3173 maiori
771 3107 879 3172 studio
911 3106 995 3171 hanc
1017 3108 1123 3192 juvet,
1146 3128 1242 3192 quam
1265 3107 1338 3173 Rex
1360 3107 1522 3186 Poloniae;

273 3209 357 3275 unde
392 3221 496 3274 metus
523 3209 623 3273 maior
649 3208 857 3296 Evangelicis
880 3207 943 3272 hoc
966 3223 1111 3295 tempore
1134 3229 1198 3270 non
1221 3207 1397 3283 incumbat,
1420 3230 1519 3294 quam

273 3335 316 3375 ex
348 3311 436 3375 dicta
468 3310 642 3375 Austriaca
674 3311 771 3375 domo
807 3325 839 3373 et
873 3309 1036 3373 Polonica.
1086 3308 1206 3373 Praeter
1239 3308 1304 3373 haec
1334 3308 1520 3373 communia

271 3410 418 3497 pericula
442 3410 533 3475 videt
555 3410 586 3475 S.
610 3411 647 3475 R.
672 3411 766 3475 Mztas
789 3409 851 3475 sibi
875 3410 914 3474 ab
936 3409 1025 3475 hisce
1051 3409 1192 3496 pessima
1208 3431 1340 3496 quaque
1356 3409 1520 3495 promitti;

271 3528 305 3575 et
338 3534 433 3598 quam
468 3524 557 3575 tutus
585 3512 623 3575 ab
651 3511 767 3577 iisdem
795 3511 838 3575 sit
860 3527 893 3575 et
914 3511 1062 3597 inprimis
1085 3510 1174 3597 Rege
1197 3508 1340 3573 Poloniae
1364 3510 1518 3595 Princeps

272 3628 358 3691 tuus,
381 3624 416 3676 tu
440 3613 511 3700 ipse
530 3613 653 3698 judica,
676 3626 773 3678 etex
796 3612 951 3677 anteactis
975 3610 1207 3699 praeteritorum
1232 3633 1387 3675 annorum
1403 3622 1519 3674 statue.

272 3714 302 3777 S.
337 3713 448 3799 itaque
481 3714 519 3778 R.
553 3713 648 3779 Mttaa
682 3712 767 3778 haud
795 3726 890 3799 putat
913 3713 1067 3777 absonum
1091 3710 1143 3775 vel
1167 3734 1185 3775 a
1206 3735 1239 3776 re
1262 3735 1328 3789 stre,
1352 3710 1405 3776 vel
1427 3710 1520 3776 Prin-

271 3813 353 3901 cipia
375 3813 425 3879 tui
448 3814 501 3878 vel
523 3813 688 3879 communi
711 3813 864 3890 omnium,
881 3814 908 3878 si
924 3814 1064 3878 oblatam
1080 3813 1163 3877 hanc
1177 3812 1353 3877 amicitiam
1369 3811 1519 3899 accipiet,

270 3917 382 3978 foveat
403 3927 438 3978 et
459 3915 630 3981 confirmet
650 3938 725 3979 cum
747 3914 900 4001 Principe
923 3915 1159 3998 Transylvan03
1177 3936 1345 4000 perquem
1361 3912 1519 3979 credibile

271 4030 320 4080 est
353 4014 513 4080 Polonum
547 4040 589 4080 ex
616 4030 706 4103 parte
734 4015 768 4079 in
792 4015 899 4079 officio
921 4015 1081 4080 contineri
1104 4036 1207 4100 posse,
1231 4014 1427 4101 domumque
1450 4016 1519 4079 Au-

270 4115 420 4181 striacam
443 4139 579 4204 semper,
602 4140 699 4202 quem
722 4129 893 4203 respectet,
916 4114 1110 4192 habituram,
1133 4128 1171 4179 ut
1186 4115 1294 4179 minus
1309 4114 1410 4180 libere
1426 4129 1518 4181 etex

270 4216 403 4281 arbitrio
426 4230 544 4281 cuncte
566 4231 756 4304 prosternat.
795 4217 896 4282 Deest
918 4239 994 4280 vero
1017 4216 1100 4303 Regi
1124 4239 1194 4280 meo
1210 4215 1252 4279 ob
1266 4215 1419 4280 itinerum
1435 4216 1518 4281 diffi-

269 4318 425 4404 cultatem
449 4319 617 4382 commoda
640 4341 713 4382 oum
737 4317 961 4403 Transylvano
983 4315 1243 4382 communicandi
1258 4317 1412 4397 facultas3
1428 4319 1518 4383 ideo·

271 4441 333 4505 que
356 4417 383 4482 si
405 4432 442 4482 tu
465 4418 546 4481 mihi
561 4419 701 4504 aliquam
718 4421 787 4503 ejus
802 4419 1005 4484 commodam
1020 4419 1174 4483 rationem
1192 4431 1369 4483 monstrare
1385 4419 1517 4507 poteris,

271 4532 328 4584 aut
353 4520 381 4583 si
408 4518 441 4583 id
464 4541 522 4606 per
545 4518 650 4584 aulam
674 4533 813 4586 vestram
837 4520 906 4585 fieri
930 4533 1036 4607 queat,
1059 4534 1146 4585 certe
1170 4533 1304 4606 putate
1326 4519 1410 4607 Regi
1433 4542 1516 4596 mco,

269 4622 334 4684 imo
368 4634 426 4685 tuo
460 4619 604 4706 Principi
627 4644 782 4709 magnum
806 4621 949 4686 officium
971 4621 1198 4708 prestiturum.
1243 4620 1315 4707 Ego
1338 4618 1443 4707 prime
1464 4644 1516 4685 oc-
