3288 5330
1240 442 1304 506 473

94 608 193 673 lonioe
227 630 285 673 sna
317 607 482 673 frumenta
514 607 578 671 sibi
611 607 758 684 retinere,
792 630 890 694 quam
923 606 951 672 si
982 608 1099 673 Batavi
1125 608 1253 674 baleces
1274 631 1348 674 auos

93 708 168 774 aliis
190 709 344 795 gentibus
367 707 560 774 inviderent

182 809 313 875 Addam
344 823 379 875 et
407 808 477 885 hoc,
510 808 597 895 quod
618 831 669 874 res
690 821 749 884 est,
773 809 834 873 hoc
856 809 961 895 ipsum
984 808 1076 874 nobis
1100 809 1233 873 maximi
1254 833 1348 896 argu·

94 912 200 977 menti
236 911 307 975 loco
340 909 505 975 exstitisse
540 908 817 996 'transponendi'
851 909 886 973 in
921 910 1126 974 'Berussiam
1164 909 1271 989 belli*,
1308 926 1346 975 ut

96 1011 297 1077 *collocata*
332 1010 401 1074 eius
436 1010 475 1074 ad
500 1009 683 1074 *Vistulam
705 1011 812 1086 sede’‚
836 1025 870 1075 et
893 1010 1044 1098 'gutture
1067 1010 1160 1098 regni
1183 1011 1346 1076 Poloniae'

95 1135 280 1198 compresso
309 1125 405 1198 atque
428 1111 569 1187 astricto,
591 1111 659 1174 vim
681 1110 915 1176 mesticationis
939 1109 1204 1188 'adimeremns',
1226 1110 1348 1197 ipsum·

95 1235 161 1299 que
195 1235 313 1298 corpus
339 1210 447 1298 pravis
469 1210 657 1275 humoribus
678 1212 837 1297 repletum
860 1213 947 1275 omni
969 1210 1123 1284 remedio,
1145 1211 1210 1275 nisi
1232 1212 1348 1299 'aeane

95 1312 219 1398 pscis',
241 1312 430 1399 in'eptum'
454 1311 669 1376 redderemus.
710 1311 802 1376 Bella
823 1312 910 1375 enim
932 1324 1041 1376 nostra
1064 1311 1242 1376 'Livonica
1262 1313 1347 1377 non*

96 1427 269 1478 senserunt
291 1411 441 1487 ’Poloni3
465 1411 705 1477 devastationes
729 1411 952 1476 Lithuvaniae'
976 1424 1010 1476 et
1035 1411 1213 1477 'Ordinem
1240 1412 1348 1478 luctus

96 1513 193 1578 flocci
225 1513 394 1577 fecerunt*
407 1514 449 1594 1);
481 1513 614 1578 fuerunt
636 1535 714 1599 ergo
736 1511 1001 1598 apprehendendi
1023 1535 1061 1577 ea
1082 1525 1172 1599 parte
1195 1513 1348 1601 corporis,

96 1615 155 1680 ubi
178 1636 291 1679 sensus
313 1627 363 1679 est
383 1612 600 1690 acutissimus,
622 1637 719 1700 qnam
741 1613 891 1699 nuspiam
914 1612 948 1676 in
978 1613 1111 1678 Polonia
1129 1613 1238 1679 locum
1254 1637 1350 1701 posu·

96 1715 172 1793 isse,
197 1715 261 1780 nisi
282 1714 336 1779 hic
357 1714 545 1801 reperiatur,
570 1729 659 1800 puto.
704 1714 799 1779 Certe
813 1727 852 1778 nt
867 1712 951 1778 'huc
968 1715 1225 1801 navigaremns',
1240 1730 1350 1781 nostra

98 1816 276 1880 'securitas
309 1815 339 1878 S.
373 1815 410 1880 R.
444 1815 558 1880 Mttcm
591 1817 702 1880 dmum
736 1814 864 1878 meum*
898 1814 1047 1900 impulit;
1074 1815 1235 1901 siquidem
1271 1816 1348 1880 dnm

99 1915 221 1981 'hosce
248 1929 396 1981 tenemus
418 1916 562 2002 portus*,
585 1915 712 1980 nullum
735 1915 865 2001 quidem
890 1938 909 1978 a
931 1915 1074 1979 *Polono
1099 1938 1200 2001 regno
1227 1916 1350 1982 Suecioe

98 2016 277 2082 metuimus
288 2016 316 2100 2)
349 2015 561 2102 periculum*,
594 2016 656 2081 nisi
689 2016 717 2081 si
750 2014 837 2101 quod
858 2014 997 2080 cudatur
1020 2016 1058 2079 ab
1083 2015 1229 2093 *Ibero*,
1251 2040 1348 2104 quem

96 2131 208 2182 temen
231 2118 349 2182 habere
371 2117 525 2182 existimo
547 2119 634 2204 qnod
655 2132 741 2203 agat,
763 2130 797 2181 et
818 2115 846 2178 si
868 2116 947 2202 quid
967 2129 1082 2193 tentet,
1103 2139 1168 2180 non
1182 2117 1350 2182 defuturas

98 2218 195 2282 nobis
217 2217 357 2283 rationes
380 2240 455 2282 eum
478 2217 591 2283 amicis
612 2219 812 2303 conjunctas,
827 2240 899 2303 quae
914 2239 972 2280 nos
988 2216 1102 2281 abillo
1118 2218 1201 2283 tueri
1217 2234 1348 2304 queant.

185 2318 291 2383 Video
324 2333 432 2383 antem
466 2342 508 2383 ex
541 2319 644 2383 literis
677 2319 741 2382 tuis
763 2317 810 2382 ita
830 2317 969 2401 judicari
990 2341 1009 2380 a
1032 2317 1143 2381 multis
1165 2319 1200 2382 in
1224 2319 1349 2405 Belgio,

97 2443 135 2484 ac
166 2419 193 2483 si
218 2419 354 2483 Ordines
376 2420 468 2505 regni
491 2419 633 2484 Poloniae
656 2419 811 2483 hactenus
834 2418 869 2482 in
891 2440 1003 2503 pacem
1026 2420 1177 2504 propensi
1199 2419 1349 2496 luissent,

97 2543 158 2585 nec
182 2519 280 2584 alieni
304 2520 343 2584 ab
366 2520 510 2585 amicitia
532 2520 699 2585 nobiscum
721 2519 872 2595 ineunda,
895 2519 993 2582 etiam
1016 2519 1120 2583 invito
1143 2520 1243 2607 Rege,
1264 2543 1350 2585 nune

98 2643 176 2686 vero
199 2635 406 2707 exasperatos
428 2620 475 2685 nil
499 2620 562 2684 nisi
583 2620 774 2685 diuturnum
796 2643 833 2684 ac
855 2640 954 2704 grava
976 2619 1097 2683 bellum
1112 2619 1243 2707 epirote.
1291 2621 1350 2685 Nae

96 2721 147 2785 illi
182 2721 392 2786 vehementer
423 2736 540 2798 errent,
563 2721 621 2808 qui
642 2721 705 2786 sibi
726 2720 760 2785 id
784 2721 952 2806 patiuntur
973 2720 1166 2806 persuaderi.
1209 2722 1240 2785 ls
1263 2722 1350 2785 enim

98 2835 308 2907 contemptus
339 2821 441 2887 nostri
474 2823 507 2886 in
541 2836 698 2908 cogente
720 2821 794 2897 fuit,
816 2820 995 2904 ntjnatam
1019 2843 1131 2906 pacem
1153 2820 1241 2885 salvo
1263 2836 1349 2886 statu

99 2936 213 2987 nostro
236 2945 364 3009 semper
385 2922 585 3007 denegarint,
608 2922 863 3008 necquicquam
886 2921 992 2985 minus
1015 2921 1186 2985 habuerint
1209 2943 1348 3007 unquam

98 3022 133 3087 in
155 3023 275 3099 animo,
299 3045 396 3108 quarn
419 3022 517 3087 huius
533 3023 609 3088 belli
624 3022 774 3087 incendia
789 3022 1000 3109 restinguere,
1015 3021 1078 3085 nisi
1094 3045 1168 3085 cum
1184 3023 1349 3087 eversione

98 3138 204 3189 status
227 3123 337 3187 nostri.
375 3124 469 3203 Quod
492 3138 600 3189 autom
622 3124 814 3209 quandoque
836 3122 1069 3186 dissimularint
1083 3145 1177 3186 suum
1193 3121 1349 3201 studium,

99 3224 132 3289 id
155 3223 281 3288 fectum
303 3246 367 3288 non
391 3224 490 3288 animi
512 3224 547 3289 in
569 3247 683 3310 pacem
706 3222 930 3309 propensione,
950 3223 1005 3288 sed
1023 3223 1243 3287 molestiarum
1259 3223 1350 3288 belli·

99 3347 213 3390 carum
235 3324 384 3403 lsstidi03
406 3340 476 3390 tum
498 3325 583 3411 quod
606 3348 640 3389 re
663 3324 783 3388 bellam
806 3324 910 3388 isthoc
933 3345 1043 3408 gerere
1059 3322 1352 3388 animadverterent

100 3425 172 3490 sine
208 3424 275 3489 ulla
307 3426 356 3489 sui
389 3425 551 3490 commodi
577 3448 646 3512 ape,
668 3425 764 3489 rebus
786 3423 903 3488 nostris
925 3423 972 3487 sic
996 3423 1163 3488 stantibus.
1208 3424 1349 3510 Ideoque

100 3525 162 3590 hoc
197 3524 293 3590 unice
326 3540 470 3614 egerunt,
505 3540 542 3591 nt
574 3526 672 3612 Regis
705 3526 756 3590 sui
777 3525 811 3589 in
834 3547 945 3589 omnes
967 3524 1150 3588 occasiones
1173 3524 1291 3588 intenti
1313 3548 1350 3590 ac

101 3625 205 3713 parati
239 3639 396 3711 praetenso
426 3629 501 3712 jure
535 3626 625 3691 salvo
648 3649 736 3690 arma
757 3623 1000 3712 suspenderent,
1022 3638 1216 3711 tempusque
1238 3627 1284 3690 rei
1307 3648 1350 3689 ex

101 3742 179 3793 voto
212 3726 360 3813 gerenda}
392 3727 603 3804 lucrarentur,
632 3727 772 3792 induciis
794 3726 902 3791 infidis
924 3740 958 3790 et
980 3747 1095 3789 vocum
1118 3725 1348 3812 literarumque

102 3828 318 3916 ambiguitate
341 3828 375 3891 in
397 3851 508 3893 omnes
530 3841 637 3914 partes
659 3827 869 3903 flexibilibus,
892 3839 929 3891 at
951 3826 1003 3890 vel
1025 3826 1154 3902 servari,
1171 3826 1197 3888 si
1213 3826 1348 3905 nitere,

101 3929 153 3995 rel
175 3929 312 4015 impune
334 3929 440 4014 frangi
464 3943 603 4014 possent.
648 3928 814 3993 Hactenus
836 3928 922 3991 enim
946 3949 986 3990 ne
1009 3926 1081 3990 Rex
1102 3925 1233 4012 quidem
1259 3926 1349 3990 Polo·

100 4030 161 4093 niae
196 4029 302 4093 teneri
335 4028 442 4093 voluit
470 4030 661 4094 tractatibus
683 4044 865 4115 regnorum,
888 4043 986 4114 atque
1008 4027 1066 4091 illa
1088 4026 1171 4091 tenti
1194 4028 1349 4092 momenti

100 4130 236 4217 negocia
258 4144 325 4194 tam
348 4129 551 4216 negligenter
573 4144 607 4194 et
628 4130 840 4215 contemptim
861 4142 936 4193 sunt
959 4143 1040 4203 ecta,
1064 4142 1101 4192 ut
1122 4127 1211 4191 fraus
1227 4128 1349 4192 exsolo

90 4229 221 4332 ‘agendi
257 4230 353 4295 modo
386 4230 522 4296 eluceat.
567 4230 686 4309 Quales
709 4244 817 4294 antem
841 4231 929 4315 pecie
952 4229 1157 4294 condiciones
1180 4228 1273 4292 nobis
1296 4229 1351 4292 ob·

184 4500 206 4563 ¹)
225 4502 352 4553 uhtffsm
370 4504 380 4551 l
398 4503 548 4565 origtnslst
559 4503 757 4563 otntlstandtgt
775 4503 832 4550 lbet
849 4500 910 4549 med
927 4501 1165 4566 ’depopulationes
1178 4501 1351 4550 Lttluvaaiaer

101 4590 129 4635 st
146 4593 237 4638 ιιοιιιι
255 4585 457 4651 asplenos-ast».

184 4667 206 4731 ')
224 4670 238 4719 1
257 4671 408 4734 origlnalet
424 4671 479 4720 lost
496 4672 559 4720 med
578 4671 763 4720 »mersandam
780 4675 846 4719 ert».
