3314 5362
459 666 538 716 litter
556 666 743 730 egenhsnutgt
760 667 882 730 koncspt
900 668 910 716 t
928 666 1110 727 Rtkssrktvet,
1127 665 1263 730 itmttrdt
1279 668 1341 717 med
1359 668 1410 717 det
1427 668 1603 732 egentiudtgs

374 750 530 814 origtnstet,
556 764 614 800 som
639 751 709 801 doek
728 754 759 799 ἐι·
777 750 883 809 deicht,
901 750 1065 800 resurectio
1084 750 1286 811 ermerannus,
1305 752 1336 801 Κ.
1355 752 1422 801 Hot-
1442 752 1496 801 und
1514 752 1604 801 suste

374 834 539 893 hunstrot,
566 835 710 884 Mdnehen.
754 835 840 883 F'trut
862 834 956 897 tryekt
973 834 1022 883 bos
1042 834 1161 894 Moser,
1179 836 1257 885 Patr.
1276 835 1386 895 Archiv,
1404 835 1451 895 VI,
1469 836 1518 885 std.
1536 839 1563 884 tt
1579 836 1603 883 t.

373 1289 425 1345 or.
468 1289 538 1345 rur
560 1288 637 1346 cnr.
660 1304 726 1347 von
747 1289 872 1346 nonin.
915 1291 1040 1358 ureret
1061 1291 1118 1346 vsu
1138 1290 1294 1359 xoggum
1315 1291 1349 1347 u
1372 1292 1392 1345 s
1413 1291 1500 1360 nug.
1522 1291 1605 1346 sest.

371 1504 509 1567 Beklsgur
534 1506 577 1568 sig
598 1506 677 1555 otver
699 1505 733 1555 de
754 1505 914 1569 ptrtknsde
932 1505 1238 1555 bundstomundtsrnus
1256 1505 1476 1555 obeslutssmhet
1492 1505 1541 1555 och
1558 1518 1605 1553 on·

456 1589 603 1653 bytltghet,
621 1590 809 1652 hrortgenom,
827 1590 916 1639 stsorn
935 1590 1026 1639 Belltn
1043 1589 1109 1652 siclt
1126 1590 1190 1639 btst
1207 1589 1307 1648 kenne,
1325 1590 1425 1639 uastat
1442 1591 1535 1640 Adolts
1545 1591 1601 1653 plen

456 1678 499 1723 stt
517 1673 612 1736 hitlps
630 1674 664 1724 do
683 1674 858 1738 evangeliste
877 1673 939 1737 gttt
956 1688 999 1723 orn
1017 1675 1098 1724 intst.
1133 1673 1176 1723 De
1194 1673 1257 1723 med
1274 1673 1381 1736 bensyn
1400 1674 1446 1723 till
1458 1674 1605 1724 densamus

456 1757 645 1807 stillesttndet
671 1758 733 1806 med
760 1757 844 1806 Pelen
871 1762 1013 1821 uppsugm
1033 1757 1105 1806 hade
1127 1756 1276 1820 konungen
1294 1772 1331 1806 nn
1349 1758 1470 1820 ncdgnts
1487 1760 1604 1819 toret-gs

455 1842 506 1890 sitt
526 1841 675 1891 ltfltndsks
696 1841 804 1905 telmtg.
845 1841 914 1890 Dess
931 1840 1044 1903 borium
1061 1841 1311 1905 ttrhsndltngcruc
1328 1841 1392 1891 med
1411 1842 1602 1892 Ttesenhsnsen

456 1924 507 1975 och
536 1924 668 1981 anhofl3
694 1925 910 1989 stumgbngsrne
935 1925 944 1973 i
970 1926 1031 1974 fult.
1076 1924 1244 1989 Konungens
1272 1925 1378 1975 ousian
1403 1932 1447 1975 stt
1465 1927 1534 1976 efter
1549 1923 1604 1974 trud

455 2009 518 2059 med
537 2008 619 2058 Poten
638 2008 733 2071 hitlps
751 2010 812 2058 sinn
830 2007 913 2071 tysku
930 2012 1041 2058 rennes.

857 2155 1031 2243 Magnifice
1056 2155 1124 2220 Vir.

453 2274 545 2338 Nihil
567 2296 708 2359 unquam
732 2273 887 2361 gerundis
909 2273 1003 2337 rebus
1026 2274 1150 2361 mugnis
1172 2274 1274 2339 officit
1296 2273 1406 2360 magis,
1428 2296 1524 2359 quem
1537 2294 1603 2335 con-

369 2373 513 2439 siliorum
547 2373 745 2439 incertitudo
778 2387 811 2438 et
843 2373 991 2438 variet-es.
1046 2373 1114 2437 Illoe
1147 2376 1233 2438 enirn
1260 2375 1357 2440 sicuti
1382 2388 1530 2439 constans
1549 2395 1602 2436 nec

370 2475 409 2539 sd
442 2474 579 2560 quodvis
602 2474 783 2562 periculum
805 2487 860 2538 aut
883 2474 1042 2539 obiectam
1065 2474 1290 2540 difficultatem
1312 2476 1479 2540 labescens
1500 2495 1603 2560 propo

369 2577 467 2641 situm
497 2589 644 2662 poscunt,
666 2575 711 2639 ite
734 2574 801 2639 haec
824 2575 966 2639 animum
990 2588 1129 2653 enervat,
1151 2576 1185 2639 in
1207 2577 1336 2641 diversa
1357 2574 1458 2640 trehit
1479 2588 1512 2640 et
1533 2588 1601 2639 teur-

369 2699 482 2763 porum
505 2689 668 2742 momente
690 2676 816 2740 excutit
838 2676 993 2753 menibus,
1016 2700 1076 2741 nec
1092 2699 1183 2763 spem
1199 2676 1275 2741 boni
1291 2690 1429 2742 eventus
1444 2673 1602 2761 relinquit;

369 2800 451 2864 saepe
479 2777 575 2842 etiam
598 2776 697 2841 tentis
719 2800 777 2840 nos
799 2777 939 2841 involvit
960 2777 1217 2855 difficultatibus,
1241 2792 1277 2841 ut
1299 2777 1356 2841 vix
1378 2777 1515 2842 oonsilio
1535 2772 1604 2840 inde

369 2878 526 2964 explicari
561 2879 731 2964 possimus.
784 2878 822 2941 Id
850 2876 880 2941 S.
908 2879 944 2943 R.
969 2878 1051 2953 Mei,
1074 2876 1233 2965 d[omi]no
1258 2902 1328 2943 meo
1351 2876 1602 2949 clementissimo,

353 3000 452 3043 ‘nunc
475 2978 651 3065 contigisse
674 2978 776 3065 queri,
799 3000 864 3042 non
886 2977 1046 3066 corrigere
1069 3001 1249 3064 possumus.

452 3080 557 3145 Tenes
582 3081 667 3145 enim
696 3079 765 3144 sine
788 3078 888 3143 dubio
910 3079 1080 3158 memoriae,
1104 3104 1174 3167 quae
1197 3103 1280 3143 enno
1302 3080 1535 3167 propemodum
1556 3078 1603 3142 sb

368 3180 443 3244 hinc
477 3193 548 3244 uoto
580 3194 655 3244 sunt
686 3179 726 3243 de
752 3202 786 3244 re
815 3180 978 3244 communi
1004 3180 1146 3266 collapso
1172 3181 1381 3258 restituendo,
1409 3181 1487 3266 quid
1511 3181 1547 3245 de
1568 3200 1604 3241 eo

368 3282 504 3346 senserit
526 3281 597 3346 Rex
618 3303 718 3357 meus,
742 3281 874 3366 etquid
898 3302 931 3343 sc
953 3281 1114 3345 sucturum
1137 3280 1328 3366 promiserit,
1352 3281 1380 3344 si
1402 3281 1511 3358 ceteri,
1533 3301 1603 3366 quo·

367 3404 437 3445 rum
460 3382 623 3457 intererat,
647 3380 797 3446 accedere
821 3380 884 3444 huc
908 3394 941 3444 et
963 3381 1046 3444 vires
1069 3404 1195 3467 quoque
1218 3404 1290 3445 suus
1311 3382 1457 3446 conferre
1479 3381 1602 3446 vellent

367 3483 520 3568 Princeps
543 3482 674 3567 quidem
696 3496 771 3545 tuus
794 3481 828 3543 in
850 3481 908 3544 illo
930 3480 1066 3567 negocio
1089 3481 1308 3567 promovendo
1330 3495 1460 3546 strenue
1480 3502 1603 3568 operum

367 3607 456 3647 suem
486 3583 668 3659 collocavit,
695 3581 881 3668 etquidem
904 3604 994 3666 spem
1017 3604 1081 3645 uon
1104 3581 1256 3668 exiguum
1279 3583 1373 3647 initio
1397 3592 1602 3653 ostentarunt,

366 3699 404 3748 ut
430 3685 504 3748 inde
535 3683 746 3748 coniecturali
768 3683 957 3769 ceperimus,
980 3705 1177 3746 summorum
1202 3706 1402 3770 quorumque
1426 3682 1603 3770 principum

366 3785 480 3849 animis
507 3784 642 3849 consiliu
663 3784 730 3847 haec
754 3782 933 3870 cdprobcri.
979 3783 1084 3847 Nemo
1107 3785 1251 3848 omnium
1275 3797 1332 3855 est.
1357 3784 1413 3870 qui
1436 3798 1470 3848 tc
1494 3782 1604 3847 melius

365 3885 404 3950 de
432 3885 520 3949 hisee
539 3885 744 3969 judicaverit,
767 3908 841 3949 curn
864 3899 898 3948 et
919 3883 1042 3970 optime
1063 3885 1160 3961 noris,
1184 3886 1269 3950 unde
1292 3885 1360 3948 haec
1383 3884 1518 3948 consilia
1539 3896 1608 3946 orte

364 3986 442 4065 sint3
479 3986 596 4072 quibus
630 3986 732 4049 modis
765 3987 900 4072 agitste3
934 3985 1050 4072 quibus
1083 4008 1125 4049 ex
1159 3985 1392 4063 occasionibus,
1427 3985 1602 4072 quibusque

364 4086 555 4151 authoribus
587 4100 621 4151 et
653 4087 780 4172 quoties
812 4087 990 4163 immutate,
1025 4101 1062 4150 ut
1094 4086 1227 4151 laterem
1255 4087 1368 4163 lovem,
1396 4087 1424 4150 si
1451 4102 1484 4150 te
1506 4086 1546 4149 de
1568 4107 1606 4146 eo

364 4188 462 4252 velim
490 4187 674 4263 informare,
698 4187 873 4274 praesertirn
896 4210 969 4250 cum
992 4187 1083 4273 ipsus
1106 4186 1172 4250 haec
1196 4210 1214 4251 e
1235 4186 1364 4251 nemine
1387 4186 1491 4273 magis
1513 4206 1602 4271 quam

365 4311 383 4351 a
415 4302 447 4352 te
481 4287 540 4353 sim
568 4288 707 4351 edoctus.
757 4287 942 4353 Dolcndum
969 4309 1045 4352 sene
1067 4303 1125 4363 est,
1148 4301 1213 4351 tum
1238 4288 1402 4374 praeclsros
1425 4310 1531 4351 rerum
1553 4307 1605 4373 ge·

363 4390 534 4453 renderum
566 4402 600 4453 et
631 4388 772 4452 rationes
799 4404 833 4453 et
860 4389 1042 4452 occasiones
1071 4403 1135 4451 tem
1159 4388 1289 4451 incuute
1312 4387 1436 4473 elapsus
1460 4387 1604 4452 menibus

361 4489 478 4553 nostris
511 4511 685 4575 paucorum
716 4489 849 4565 invidio,
882 4489 1080 4574 quorundam
1115 4503 1203 4552 metu
1234 4501 1268 4551 et
1293 4488 1520 4575 plerorumque
1543 4488 1601 4551 im·

361 4589 520 4675 petientiu
553 4612 695 4653 onerum.
752 4590 816 4653 Det
848 4588 959 4653 divine
992 4588 1173 4663 clementie,
1208 4605 1245 4653 ut
1277 4603 1395 4653 cuncto
1420 4589 1539 4653 cedunt
1563 4610 1604 4651 ex

360 4690 455 4767 votis,
489 4713 592 4776 neque
626 4712 675 4753 res
708 4689 888 4754 communis
922 4704 954 4754 et
986 4690 1115 4753 libertas
1149 4688 1339 4754 Germanice
1366 4689 1400 4754 in
1429 4690 1533 4754 maius
1554 4687 1605 4752 his
