3244 5334
1242 447 1305 511 315

184 611 240 676 Ad
273 612 481 677 condiciones
507 634 582 675 cum
610 611 782 676 secretario
809 611 884 676 dzuo
906 613 1071 678 Connovai
1093 614 1346 678 communicatas

104 713 186 798 quod
221 712 348 788 attinet,
383 712 414 777 S.
447 712 577 799 quidem
608 713 645 777 R.
673 713 769 777 Mnus
791 713 1019 778 animadvertit
1040 713 1111 777 illas
1134 714 1218 777 bono
1240 715 1347 779 animo

104 969 213 1027 Archia,
240 970 287 1029 VI,
314 970 366 1019 sid.
394 973 425 1018 69
448 969 489 1025 fl.;
517 970 569 1019 den
597 972 749 1020 resolution
778 970 833 1018 han
860 969 948 1020 erhdll
976 969 1001 1019 d.
1026 973 1056 1018 tl
1080 971 1157 1033 April
1184 974 1248 1019 1626
1270 975 1300 1020 tr
1318 972 1348 1020 ai

103 1053 228 1115 ioijande
248 1053 368 1116 lydelse:

392 1137 557 1197 ›Resolutiq
588 1138 656 1187 data
684 1139 777 1201 legato
807 1143 836 1187 et
865 1138 1024 1188 consiliario
1053 1141 1151 1189 intimo
1178 1140 1349 1189 sereuirsimi

304 1221 385 1285 Regis
408 1221 554 1280 Bohemiae,
576 1226 688 1271 strenuo
711 1222 770 1271 viro
788 1223 900 1271 domino
918 1222 1058 1273 liudovico
1077 1224 1232 1273 Camerario
1251 1223 1286 1272 ad
1305 1236 1348 1282 ea,

304 1304 369 1368 quae'
391 1305 502 1355 nominc
528 1307 571 1355 sui
598 1305 678 1368 Regis
706 1305 730 1354 S.
753 1305 782 1353 R.
805 1305 864 1355 riui
883 1308 1012 1369 exposuit
1029 1313 1059 1355 et
1078 1306 1238 1365 declaravit,
1256 1311 1347 1355 aetum

305 1389 498 1439 Stockhoimiae
517 1390 562 1438 die
582 1393 613 1436 tt
633 1389 736 1452 Aprilis
755 1391 834 1439 Anno
854 1392 926 1437 itit.

186 1474 294 1522 Cuncta
321 1490 338 1523 a
363 1475 474 1523 domino
502 1474 596 1536 legato
619 1474 761 1537 proposita
782 1475 955 1523 examinanti
973 1474 1131 1523 accuratius
1149 1475 1202 1523 huc
1220 1473 1349 1522 videntur

103 1560 258 1607 summatim
287 1558 384 1607 reterri
411 1571 501 1620 posse,
525 1559 599 1621 quod
622 1559 659 1607 sit
677 1573 694 1606 a
711 1557 885 1609 serenissimo
903 1558 977 1620 Rege
996 1557 1133 1607 Bohemiae
1152 1558 1187 1606 de
1204 1557 1347 1608 voluntate

103 1650 131 1691 et
152 1656 288 1692 consensu
309 1644 460 1705 legatorum
479 1642 587 1704 Magna
605 1641 757 1692 Britanniae
775 1648 804 1692 et
822 1643 918 1693 Danite
937 1642 1039 1704 Regum
1058 1647 1087 1691 et
1103 1642 1281 1691 Dominorum
1300 1642 1348 1691 Or·

21 1788 22 1795 ἵ
102 1727 194 1776 ffluum
214 1726 392 1776 Generaiium
412 1726 604 1776 Conioederati
623 1726 713 1788 Belssil
731 1727 767 1775 ad
785 1726 810 1774 S.
829 1727 860 1776 B.
878 1726 971 1775 litem
991 1727 1096 1783 missor,
1113 1730 1145 1774 ut
1160 1726 1274 1787 referat,
1286 1741 1347 1789 quie

103 1811 131 1859 in
156 1815 297 1860 conventu
325 1810 456 1873 Bagienai
484 1816 548 1860 acta
570 1808 1144 1872 etconclusasint,tabn1asqueioederis
1162 1810 1301 1869 exhibeat,
1319 1815 1349 1859 et

102 1894 127 1947 S.
154 1895 183 1942 it.
211 1896 306 1944 littem
333 1894 475 1953 sollicitet,
502 1898 533 1942 ut
559 1894 587 1942 in
615 1895 668 1942 hoc
691 1908 835 1943 commune
852 1894 944 1943 ioedus
962 1894 1142 1957 ingrediatur,
1160 1898 1189 1942 et
1207 1894 1235 1942 in
1253 1900 1347 1956 parter

103 1979 238 2028 reuleudo
265 1979 356 2028 socios
378 1981 536 2040 amicosque
557 1976 641 2039 juvet.
677 1977 785 2028 Deinde
804 1980 913 2040 legatus
931 1992 981 2040 pro
999 1992 1049 2027 sua
1067 1978 1214 2040 prudentia
1232 1984 1348 2027 excusat

21 2128 22 2133 Ἰ
104 2063 193 2112 multis
213 2065 393 2126 argumentis,
415 2062 486 2123 quod
506 2061 690 2111 couioederati
708 2062 761 2110 boc
779 2068 903 2125 tempore
922 2064 951 2111 iu
969 2064 1130 2120 exercitum,
1148 2076 1229 2125 quem
1248 2062 1311 2111 duci
1332 2077 1348 2111 a

103 2146 127 2194 8.
154 2147 182 2196 a.
209 2147 278 2196 lite
306 2149 431 2208 cupiunt,
457 2145 528 2195 nibil
555 2151 660 2209 queant
681 2146 816 2205 conterre,
837 2150 967 2207 rogantes
986 2146 1172 2204 nibilominus,
1191 2151 1222 2195 ut
1240 2146 1348 2209 aliquot

21 2224 22 2273 ἐ
103 2232 188 2280 millia
209 2230 337 2294 peditum
359 2233 388 2279 et
406 2231 530 2292 equitum
547 2232 577 2279 in
595 2231 729 2279 auxilium
746 2243 938 2293 oppressorum
958 2230 1060 2286 mittat,
1078 2230 1212 2293 imprimis
1230 2236 1261 2279 ut
1278 2232 1347 2280 deri·

104 2315 212 2367 duratas
231 2315 355 2377 Principi
374 2314 582 2375 Transyivanire
600 2314 797 2364 Germanorum
815 2314 941 2377 peditum
960 2313 1063 2377 copias,
1079 2328 1148 2376 quas
1161 2315 1347 2365 oomoederati

21 2436 22 2463 ι
104 2405 234 2461 prestare
258 2403 409 2462 nequeunt,
431 2398 570 2461 suppleat,
588 2404 617 2447 et
635 2412 695 2461 quae
714 2397 790 2447 hisce
808 2397 984 2447 declarandis
1002 2397 1208 2460 suadendlaque
1227 2400 1345 2449 ubertim

21 2482 22 2553 i
104 2488 131 2531 et
148 2484 301 2546 prudenter
319 2483 498 2532 adliciuntur.

186 2567 225 2616 Ut
252 2566 339 2628 igitur
365 2567 401 2615 ad
425 2566 484 2616 baec
502 2568 526 2616 S.
545 2567 574 2615 B.
594 2567 675 2616 Metus
693 2571 813 2615 mentem
831 2580 908 2615 suam
927 2568 1014 2615 amice
1032 2570 1061 2615 et
1078 2565 1198 2615 candide
1217 2565 1347 2628 explicet,

104 2652 160 2712 agit
192 2650 276 2699 initio
303 2653 476 2701 serenissimo
504 2650 573 2713 Regi
598 2649 737 2699 Bobemiru
763 2655 847 2712 atque
875 2650 982 2699 caterio
1008 2649 1207 2700 oonioederatis
1234 2653 1347 2711 gratias,

103 2735 175 2796 quod
203 2736 239 2784 de
266 2736 384 2793 cunctis,
405 2749 466 2797 qum
489 2738 552 2783 acta
573 2739 770 2797 transactaque
789 2739 862 2791 sunt,
881 2738 937 2783 tam
957 2733 1143 2783 confidentem
1161 2747 1252 2783 secum
1270 2735 1347 2784 iusti·

103 2823 182 2869 tuant
211 2818 496 2877 communicationem,
525 2831 578 2867 nec
607 2819 755 2881 quicquam
784 2820 872 2879 magis
902 2817 1018 2867 salutari
1045 2817 1161 2866 oonsilio
1188 2822 1347 2881 susceptum

103 2908 190 2964 putat,
219 2917 303 2965 quam
329 2902 404 2965 quod
432 2916 461 2951 re
487 2916 535 2965 pro
562 2896 646 2951 causi
668 2904 805 2951 communi
827 2901 976 2964 junxerint,
994 2902 1154 2963 viribusque
1172 2903 1299 2952 omuibus
1317 2905 1346 2951 ln

103 3000 272 3036 communem
300 2987 406 3037 hostem
434 2986 569 3045 terantur,
596 2986 715 3048 ideoque
742 3000 798 3035 non
820 2990 913 3049 potest
933 3000 989 3035 uon
1008 2992 1145 3035 etcausae
1164 2987 1346 3034 communiet

104 3071 302 3120 contenderatla
320 3070 447 3119 omnibus
466 3070 501 3119 de
519 3069 609 3119 isthoc
627 3070 734 3119 ioedere
752 3071 946 3132 congratulari.

21 3210 22 3213 Ἴ
185 3157 296 3204 Etenim
325 3155 350 3203 S.
378 3154 406 3202 it.
435 3154 523 3215 li:tas,
547 3154 644 3203 videus
663 3167 795 3203 summam
813 3153 980 3215 LIglstarum
999 3154 1098 3202 animis
1116 3158 1145 3202 et
1164 3154 1266 3202 uiribus
1285 3167 1347 3202 con·

21 3224 22 3227 Ἴ
102 3237 274 3300 innodonem
304 3238 475 3300 consiliaque
505 3252 599 3287 eorum
629 3239 721 3287 omnia
750 3252 782 3286 eo
812 3238 920 3286 directa
946 3244 976 3285 et
1003 3236 1153 3295 destinata,
1180 3240 1218 3295 ut,
1245 3239 1347 3300 pressis

21 3326 22 3333 ’
103 3325 306 3386 occultatisque
325 3321 514 3371 simultatibus
532 3323 643 3382 mutuis,
663 3322 787 3372 labentes
805 3323 940 3384 paulatim
959 3321 1140 3384 Erangeilcos
1157 3320 1347 3370 vehementius

103 3409 287 3471 impellerent,
314 3408 514 3469 victoriamque
542 3408 725 3455 universalem
747 3419 796 3468 spe
819 3406 962 3455 obtentam
980 3409 1211 3467 persequerentur
1229 3409 1265 3463 et,
1283 3405 1346 3453 dum

103 3498 189 3543 metus
208 3498 294 3554 atque
312 3491 430 3540 formido
449 3504 546 3540 recens
564 3496 615 3550 est,
633 3491 792 3539 iruerentur
809 3489 911 3539 oblatis
923 3488 1125 3547 occasionibus,
1139 3502 1228 3551 neque
1239 3493 1347 3552 tempus

103 3577 263 3627 melioribus
289 3574 413 3624 consiliis
438 3575 660 3636 recipiendisque
687 3575 786 3622 animis
813 3573 920 3632 darent,
947 3574 1052 3623 nullum
1079 3574 1187 3621 censuit
1209 3572 1273 3622 huic
1292 3576 1348 3622 vul·

103 3663 162 3710 neri
188 3659 342 3710 remedium
370 3659 509 3707 salubrius
536 3657 671 3721 applicari
693 3671 782 3720 posse,
804 3672 886 3719 quam
908 3663 938 3706 ut
955 3658 976 3706 ii
993 3671 1096 3717 omnes,
1114 3657 1162 3719 qui
1181 3656 1347 3719 Liglrtarum

104 3743 245 3794 destinata
263 3757 297 3791 ac
314 3742 366 3791 snb
384 3742 428 3791 iris
446 3743 527 3790 unius
545 3743 641 3791 domus
659 3741 774 3790 nimium
792 3743 821 3790 in
839 3742 948 3805 liuropu
963 3746 1170 3791 excrescentem
1183 3744 1348 3804 potentiam,

105 3842 151 3891 spe
177 3833 206 3877 et
231 3826 336 3876 adflatu
355 3827 475 3875 tortuuae
494 3825 637 3883 tumidam,
656 3830 812 3888 suspectam
832 3825 945 3878 habent.
964 3825 999 3874 ad
1018 3827 1164 3874 contrariae
1182 3828 1271 3888 partis
1290 3827 1348 3874 imi·

104 3914 238 3961 tationem
267 3924 296 3959 re
322 3913 351 3959 in
379 3911 422 3959 sul
450 3911 653 3973 amicorumque
680 3923 874 3972 oppressorum
901 3910 1089 3959 defensionem
1111 3915 1206 3959 mutuo
1225 3914 1254 3957 et
1272 3914 1347 3957 arcto

104 4010 173 4045 nexu
201 3994 379 4057 colligarent,
406 3993 535 4056 sepositis
562 4008 594 4042 sc
620 3995 732 4043 reiectis
758 3995 875 4056 privatis
902 3995 945 4043 vel
970 3994 1067 4043 litibus
1090 3996 1133 4043 vel
1152 3992 1348 4049 simultatibus,

104 4094 161 4141 quae
188 4081 266 4129 hisee
293 4080 458 4128 necessariis
480 4091 513 4126 ac
536 4078 704 4127 salutaribus
726 4077 850 4126 consiliis
869 4077 1015 4140 quicquam
1034 4080 1078 4128 vel
1095 4077 1287 4140 impedimenti
1303 4077 1348 4124 rei

104 4178 217 4214 remorre
237 4164 352 4213 iniicere
371 4167 493 4224 possent.
529 4162 651 4224 Ideoque
670 4162 694 4208 S.
713 4162 742 4210 R.
762 4162 843 4210 littus
861 4168 890 4209 et
909 4162 998 4211 suasit
1014 4175 1123 4224 semper
1140 4161 1264 4222 arsitque
1276 4160 1348 4209 banc

104 4248 334 4309 conjunctionem,
362 4251 391 4295 et
417 4261 477 4295 cum
506 4247 535 4294 id
562 4247 683 4308 denique
710 4245 780 4294 velie
803 4252 832 4295 et
855 4259 956 4308 cupere
974 4247 1143 4295 serenissimi
1162 4243 1301 4307 quondam
1320 4249 1349 4292 ct

104 4333 251 4382 modernus
271 4331 378 4391 Magno
395 4330 526 4379 Britanite
544 4330 630 4393 Reges
643 4333 727 4392 atque
740 4329 789 4379 ulii
801 4331 970 4389 viderentur,
983 4330 1181 4390 consiliumque
1194 4332 1223 4376 et
1236 4341 1348 4390 operam

104 4415 129 4464 S.
157 4417 231 4465 linis
257 4415 453 4473 sollicitarent,
479 4415 567 4464 suaait
594 4414 665 4463 illud
693 4419 863 4471 constanter,
886 4427 979 4475 seque,
998 4426 1111 4476 operam
1129 4426 1203 4461 suam
1223 4418 1252 4461 et
1269 4413 1348 4469 vires,

105 4514 163 4549 cum
187 4500 258 4549 alius
280 4501 322 4547 rei
343 4499 473 4560 gerundae
493 4498 615 4547 director
632 4500 756 4560 nuspiam
777 4502 933 4561 appareret,
951 4498 1063 4555 obtulit,
1082 4496 1133 4546 hac
1152 4501 1251 4559 praeter
1269 4504 1350 4545 caete·

105 4598 147 4632 ras
176 4584 288 4633 adiecta
315 4582 484 4641 conditione,
511 4588 542 4631 ut
569 4584 673 4637 caeteri,
700 4595 815 4644 quorum
842 4583 987 4634 intererat,
1014 4580 1086 4630 vires
1113 4595 1175 4629 suar
1202 4580 1349 4644 iungerent

105 4670 248 4731 mediaque
266 4667 341 4730 justo
361 4668 442 4717 ruodo
461 4667 710 4716 subministrarent.
