<?xml version="1.0" encoding="UTF-8"?>
<!DOCTYPE html PUBLIC "-//W3C//DTD XHTML 1.0 Transitional//EN"
    "http://www.w3.org/TR/xhtml1/DTD/xhtml1-transitional.dtd">
<html xmlns="http://www.w3.org/1999/xhtml" xml:lang="en" lang="en">
 <head>
  <title>
</title>
<meta http-equiv="Content-Type" content="text/html;charset=utf-8" />
  <meta name='ocr-system' content='tesseract 3.04.00' />
  <meta name='ocr-capabilities' content='ocr_page ocr_carea ocr_par ocr_line ocrx_word'/>
</head>
<body>
  <div class='ocr_page' id='page_1' title='image "./rikskanslerenax00akadgoog_0760.png"; bbox 0 0 3290 5360; ppageno 0'>
   <div class='ocr_carea' id='block_1_1' title="bbox 363 453 425 515">
    <p class='ocr_par' dir='ltr' id='par_1_1' title="bbox 363 453 425 515">
     <span class='ocr_line' id='line_1_1' title="bbox 363 453 425 515; baseline 0 0"><span class='ocrx_word' id='word_1_1' title='bbox 363 453 425 515; x_wconf 73' lang='lat'>724</span> 
     </span>
    </p>
   </div>
   <div class='ocr_carea' id='block_1_2' title="bbox 317 616 1562 2516">
    <p class='ocr_par' dir='ltr' id='par_1_2' title="bbox 319 616 1562 1007">
     <span class='ocr_line' id='line_1_2' title="bbox 320 616 1562 706; baseline 0 -23"><span class='ocrx_word' id='word_1_2' title='bbox 320 634 370 683; x_wconf 88' lang='lat' dir='ltr'>est</span> <span class='ocrx_word' id='word_1_3' title='bbox 405 619 585 706; x_wconf 81' lang='lat' dir='ltr'>integrum3</span> <span class='ocrx_word' id='word_1_4' title='bbox 624 632 657 681; x_wconf 87' lang='lat' dir='ltr'>et</span> <span class='ocrx_word' id='word_1_5' title='bbox 695 616 780 702; x_wconf 86' lang='lat' dir='ltr'>apud</span> <span class='ocrx_word' id='word_1_6' title='bbox 817 616 869 681; x_wconf 91' lang='grc'><strong>111.</strong></span> <span class='ocrx_word' id='word_1_7' title='bbox 908 617 1044 681; x_wconf 90' lang='lat' dir='ltr'>D:cnem</span> <span class='ocrx_word' id='word_1_8' title='bbox 1082 640 1184 682; x_wconf 73' lang='lat' dir='ltr'>rrram</span> <span class='ocrx_word' id='word_1_9' title='bbox 1216 640 1267 683; x_wconf 87' lang='lat' dir='ltr'>me</span> <span class='ocrx_word' id='word_1_10' title='bbox 1301 630 1494 683; x_wconf 83' lang='lat' dir='ltr'>excusatum</span> <span class='ocrx_word' id='word_1_11' title='bbox 1527 619 1562 683; x_wconf 86' lang='lat' dir='ltr'>iri</span> 
     </span>
     <span class='ocr_line' id='line_1_3' title="bbox 320 718 1562 806; baseline 0 -22"><span class='ocrx_word' id='word_1_12' title='bbox 320 719 482 798; x_wconf 85' lang='lat' dir='ltr'>existimo,</span> <span class='ocrx_word' id='word_1_13' title='bbox 516 719 600 805; x_wconf 90' lang='lat' dir='ltr'>quod</span> <span class='ocrx_word' id='word_1_14' title='bbox 635 718 665 782; x_wconf 87' lang='lat' dir='ltr'>S.</span> <span class='ocrx_word' id='word_1_15' title='bbox 700 718 736 782; x_wconf 87' lang='lat' dir='ltr'>R.</span> <span class='ocrx_word' id='word_1_16' title='bbox 772 718 859 782; x_wconf 74' lang='lat' dir='ltr'>Mttis</span> <span class='ocrx_word' id='word_1_17' title='bbox 888 719 979 802; x_wconf 86' lang='lat' dir='ltr'>jussa</span> <span class='ocrx_word' id='word_1_18' title='bbox 1013 718 1288 803; x_wconf 73' lang='lat' dir='ltr'>obtemperavero,</span> <span class='ocrx_word' id='word_1_19' title='bbox 1322 741 1397 783; x_wconf 86' lang='lat' dir='ltr'>cum</span> <span class='ocrx_word' id='word_1_20' title='bbox 1424 742 1484 806; x_wconf 88' lang='lat' dir='ltr'>pro</span> <span class='ocrx_word' id='word_1_21' title='bbox 1511 743 1562 784; x_wconf 84' lang='lat' dir='ltr'>sur</span> 
     </span>
     <span class='ocr_line' id='line_1_4' title="bbox 320 817 1561 908; baseline -0.001 -23"><span class='ocrx_word' id='word_1_22' title='bbox 320 820 492 908; x_wconf 89' lang='lat' dir='ltr'>prudentia</span> <span class='ocrx_word' id='word_1_23' title='bbox 524 820 659 896; x_wconf 85' lang='lat' dir='ltr'>noverit,</span> <span class='ocrx_word' id='word_1_24' title='bbox 687 820 837 884; x_wconf 84' lang='lat' dir='ltr'>mandata</span> <span class='ocrx_word' id='word_1_25' title='bbox 859 818 1041 905; x_wconf 84' lang='lat' dir='ltr'><strong>principum</strong></span> <span class='ocrx_word' id='word_1_26' title='bbox 1063 842 1128 884; x_wconf 92' lang='lat' dir='ltr'>non</span> <span class='ocrx_word' id='word_1_27' title='bbox 1150 817 1213 883; x_wconf 91' lang='lat' dir='ltr'>nisi</span> <span class='ocrx_word' id='word_1_28' title='bbox 1235 842 1310 884; x_wconf 92' lang='lat' dir='ltr'>cum</span> <span class='ocrx_word' id='word_1_29' title='bbox 1333 842 1463 884; x_wconf 89' lang='lat' dir='ltr'>summo</span> <span class='ocrx_word' id='word_1_30' title='bbox 1486 821 1561 907; x_wconf 86' lang='lat' dir='ltr'>peri·</span> 
     </span>
     <span class='ocr_line' id='line_1_5' title="bbox 319 919 974 1007; baseline -0.002 -22"><span class='ocrx_word' id='word_1_31' title='bbox 319 922 394 986; x_wconf 87' lang='lat' dir='ltr'>culo</span> <span class='ocrx_word' id='word_1_32' title='bbox 416 922 456 986; x_wconf 90' lang='lat' dir='ltr'>ab</span> <span class='ocrx_word' id='word_1_33' title='bbox 478 921 621 1007; x_wconf 86' lang='lat' dir='ltr'>ipsorum</span> <span class='ocrx_word' id='word_1_34' title='bbox 645 919 785 984; x_wconf 89' lang='lat' dir='ltr'>subditis</span> <span class='ocrx_word' id='word_1_35' title='bbox 808 919 974 1006; x_wconf 71' lang='lat' dir='ltr'>praeteriri.</span> 
     </span>
    </p>

    <p class='ocr_par' dir='ltr' id='par_1_3' title="bbox 317 1019 1561 2216">
     <span class='ocr_line' id='line_1_6' title="bbox 403 1019 1561 1107; baseline -0.003 -19"><span class='ocrx_word' id='word_1_36' title='bbox 403 1023 451 1088; x_wconf 90' lang='lat' dir='ltr'>Ut</span> <span class='ocrx_word' id='word_1_37' title='bbox 472 1034 580 1085; x_wconf 87' lang='lat' dir='ltr'>tamen</span> <span class='ocrx_word' id='word_1_38' title='bbox 603 1020 698 1086; x_wconf 79' lang='lat' dir='ltr'>lllzria</span> <span class='ocrx_word' id='word_1_39' title='bbox 722 1020 795 1085; x_wconf 79' lang='lat' dir='ltr'>Dzio</span> <span class='ocrx_word' id='word_1_40' title='bbox 819 1042 886 1084; x_wconf 75' lang='lat' dir='ltr'>vzra</span> <span class='ocrx_word' id='word_1_41' title='bbox 908 1043 958 1084; x_wconf 90' lang='lat' dir='ltr'>me</span> <span class='ocrx_word' id='word_1_42' title='bbox 981 1020 1132 1107; x_wconf 82' lang='lat' dir='ltr'>precibus</span> <span class='ocrx_word' id='word_1_43' title='bbox 1151 1020 1220 1085; x_wconf 86' lang='lat' dir='ltr'>eius</span> <span class='ocrx_word' id='word_1_44' title='bbox 1235 1032 1269 1084; x_wconf 88' lang='lat' dir='ltr'>et</span> <span class='ocrx_word' id='word_1_45' title='bbox 1284 1019 1436 1085; x_wconf 82' lang='lat' dir='ltr'>amicitiae</span> <span class='ocrx_word' id='word_1_46' title='bbox 1451 1034 1561 1085; x_wconf 82' lang='lat' dir='ltr'>nost-ra</span> 
     </span>
     <span class='ocr_line' id='line_1_7' title="bbox 319 1120 1561 1208; baseline -0.001 -21"><span class='ocrx_word' id='word_1_47' title='bbox 319 1123 404 1187; x_wconf 88' lang='lat' dir='ltr'>haud</span> <span class='ocrx_word' id='word_1_48' title='bbox 438 1146 551 1207; x_wconf 86' lang='lat' dir='ltr'>parum</span> <span class='ocrx_word' id='word_1_49' title='bbox 586 1120 734 1197; x_wconf 86' lang='lat' dir='ltr'>tribuere,</span> <span class='ocrx_word' id='word_1_50' title='bbox 770 1133 803 1184; x_wconf 88' lang='lat' dir='ltr'>et</span> <span class='ocrx_word' id='word_1_51' title='bbox 835 1121 983 1186; x_wconf 76' lang='lat' dir='ltr'>humanm</span> <span class='ocrx_word' id='word_1_52' title='bbox 1013 1121 1107 1185; x_wconf 86' lang='lat' dir='ltr'>sortis</span> <span class='ocrx_word' id='word_1_53' title='bbox 1128 1120 1408 1208; x_wconf 71' lang='lat' dir='ltr'>inconstantiaque</span> <span class='ocrx_word' id='word_1_54' title='bbox 1429 1121 1561 1187; x_wconf 76' lang='lat' dir='ltr'>fortune</span> 
     </span>
     <span class='ocr_line' id='line_1_8' title="bbox 318 1222 1561 1308; baseline -0.001 -21"><span class='ocrx_word' id='word_1_55' title='bbox 318 1246 493 1288; x_wconf 84' lang='lat' dir='ltr'>memorem</span> <span class='ocrx_word' id='word_1_56' title='bbox 527 1246 596 1286; x_wconf 86' lang='lat' dir='ltr'>esse</span> <span class='ocrx_word' id='word_1_57' title='bbox 624 1222 867 1296; x_wconf 75' lang='lat' dir='ltr'>animadvertet,</span> <span class='ocrx_word' id='word_1_58' title='bbox 890 1245 1033 1308; x_wconf 86' lang='lat' dir='ltr'>cousque</span> <span class='ocrx_word' id='word_1_59' title='bbox 1056 1223 1307 1286; x_wconf 70' lang='lat' dir='ltr'>moderationem</span> <span class='ocrx_word' id='word_1_60' title='bbox 1330 1222 1476 1308; x_wconf 80' lang='lat' dir='ltr'>pristinae</span> <span class='ocrx_word' id='word_1_61' title='bbox 1498 1246 1561 1287; x_wconf 89' lang='lat' dir='ltr'>sen·</span> 
     </span>
     <span class='ocr_line' id='line_1_9' title="bbox 318 1321 1560 1400; baseline -0.001 -12"><span class='ocrx_word' id='word_1_62' title='bbox 318 1324 428 1388; x_wconf 78' lang='lat' dir='ltr'>tentiae</span> <span class='ocrx_word' id='word_1_63' title='bbox 462 1321 678 1387; x_wconf 84' lang='lat' dir='ltr'>adhibendam</span> <span class='ocrx_word' id='word_1_64' title='bbox 712 1322 822 1399; x_wconf 84' lang='lat' dir='ltr'>statui,</span> <span class='ocrx_word' id='word_1_65' title='bbox 855 1336 893 1386; x_wconf 89' lang='lat' dir='ltr'>ut</span> <span class='ocrx_word' id='word_1_66' title='bbox 925 1324 951 1386; x_wconf 91' lang='lat' dir='ltr'>si</span> <span class='ocrx_word' id='word_1_67' title='bbox 978 1323 1124 1387; x_wconf 86' lang='lat' dir='ltr'>Bartzius</span> <span class='ocrx_word' id='word_1_68' title='bbox 1146 1322 1389 1388; x_wconf 86' lang='lat' dir='ltr'>eliberationem</span> <span class='ocrx_word' id='word_1_69' title='bbox 1413 1322 1560 1400; x_wconf 88' lang='lat' dir='ltr'>Streuffii,</span> 
     </span>
     <span class='ocr_line' id='line_1_10' title="bbox 318 1421 1560 1513; baseline -0.001 -24"><span class='ocrx_word' id='word_1_70' title='bbox 318 1424 481 1506; x_wconf 75' lang='lat' dir='ltr'>praeterito</span> <span class='ocrx_word' id='word_1_71' title='bbox 505 1446 588 1487; x_wconf 89' lang='lat' dir='ltr'>anno</span> <span class='ocrx_word' id='word_1_72' title='bbox 610 1421 693 1486; x_wconf 87' lang='lat' dir='ltr'>circa</span> <span class='ocrx_word' id='word_1_73' title='bbox 716 1422 1026 1489; x_wconf 87' lang='lat' dir='ltr'>Hammersteinium</span> <span class='ocrx_word' id='word_1_74' title='bbox 1041 1423 1138 1510; x_wconf 83' lang='lat' dir='ltr'>capti,</span> <span class='ocrx_word' id='word_1_75' title='bbox 1153 1446 1172 1487; x_wconf 91' lang='lat' dir='ltr'>a</span> <span class='ocrx_word' id='word_1_76' title='bbox 1187 1446 1301 1488; x_wconf 78' lang='lat' dir='ltr'>sonmo</span> <span class='ocrx_word' id='word_1_77' title='bbox 1318 1423 1462 1488; x_wconf 82' lang='lat' dir='ltr'>Poloniae</span> <span class='ocrx_word' id='word_1_78' title='bbox 1478 1424 1560 1513; x_wconf 81' lang='lat' dir='ltr'>Rege</span> 
     </span>
     <span class='ocr_line' id='line_1_11' title="bbox 318 1522 1559 1612; baseline 0 -24"><span class='ocrx_word' id='word_1_79' title='bbox 318 1526 492 1611; x_wconf 85' lang='lat' dir='ltr'>impetrare</span> <span class='ocrx_word' id='word_1_80' title='bbox 525 1524 652 1612; x_wconf 87' lang='lat' dir='ltr'>poterit,</span> <span class='ocrx_word' id='word_1_81' title='bbox 688 1522 747 1588; x_wconf 88' lang='lat' dir='ltr'>filii</span> <span class='ocrx_word' id='word_1_82' title='bbox 782 1525 860 1601; x_wconf 88' lang='lat' dir='ltr'>eius,</span> <span class='ocrx_word' id='word_1_83' title='bbox 893 1523 949 1610; x_wconf 89' lang='lat' dir='ltr'>qui</span> <span class='ocrx_word' id='word_1_84' title='bbox 979 1524 1032 1588; x_wconf 89' lang='lat' dir='ltr'>hic</span> <span class='ocrx_word' id='word_1_85' title='bbox 1054 1523 1250 1602; x_wconf 85' lang='lat' dir='ltr'>detinentur,</span> <span class='ocrx_word' id='word_1_86' title='bbox 1273 1525 1307 1588; x_wconf 92' lang='lat' dir='ltr'>in</span> <span class='ocrx_word' id='word_1_87' title='bbox 1329 1524 1433 1611; x_wconf 88' lang='lat' dir='ltr'>ipsius</span> <span class='ocrx_word' id='word_1_88' title='bbox 1457 1524 1559 1588; x_wconf 90' lang='lat' dir='ltr'>locum</span> 
     </span>
     <span class='ocr_line' id='line_1_12' title="bbox 319 1622 1559 1711; baseline 0 -22"><span class='ocrx_word' id='word_1_89' title='bbox 319 1625 462 1711; x_wconf 88' lang='lat' dir='ltr'>pristinae</span> <span class='ocrx_word' id='word_1_90' title='bbox 494 1623 637 1690; x_wconf 81' lang='lat' dir='ltr'>libertati</span> <span class='ocrx_word' id='word_1_91' title='bbox 669 1625 889 1690; x_wconf 87' lang='lat' dir='ltr'>restituantur.</span> <span class='ocrx_word' id='word_1_92' title='bbox 944 1625 1039 1705; x_wconf 82' lang='lat' dir='ltr'>Quod</span> <span class='ocrx_word' id='word_1_93' title='bbox 1071 1625 1234 1690; x_wconf 82' lang='lat' dir='ltr'>Bartzium</span> <span class='ocrx_word' id='word_1_94' title='bbox 1262 1622 1415 1690; x_wconf 83' lang='lat' dir='ltr'>existimo</span> <span class='ocrx_word' id='word_1_95' title='bbox 1444 1625 1494 1689; x_wconf 90' lang='lat' dir='ltr'>sui</span> <span class='ocrx_word' id='word_1_96' title='bbox 1516 1640 1559 1689; x_wconf 88' lang='lat' dir='ltr'>tot</span> 
     </span>
     <span class='ocr_line' id='line_1_13' title="bbox 320 1725 1561 1813; baseline 0.001 -25"><span class='ocrx_word' id='word_1_97' title='bbox 320 1749 420 1790; x_wconf 90' lang='lat' dir='ltr'>annos</span> <span class='ocrx_word' id='word_1_98' title='bbox 453 1749 512 1790; x_wconf 89' lang='lat' dir='ltr'>nec</span> <span class='ocrx_word' id='word_1_99' title='bbox 545 1725 656 1790; x_wconf 90' lang='lat' dir='ltr'>infimo</span> <span class='ocrx_word' id='word_1_100' title='bbox 690 1725 762 1789; x_wconf 90' lang='lat' dir='ltr'>loco</span> <span class='ocrx_word' id='word_1_101' title='bbox 784 1725 988 1790; x_wconf 87' lang='lat' dir='ltr'>serenissimo</span> <span class='ocrx_word' id='word_1_102' title='bbox 1010 1726 1094 1813; x_wconf 76' lang='lat' dir='ltr'>Regi</span> <span class='ocrx_word' id='word_1_103' title='bbox 1116 1725 1258 1790; x_wconf 77' lang='lat' dir='ltr'>Polonise</span> <span class='ocrx_word' id='word_1_104' title='bbox 1281 1726 1417 1811; x_wconf 85' lang='lat' dir='ltr'>praestiti</span> <span class='ocrx_word' id='word_1_105' title='bbox 1439 1726 1561 1791; x_wconf 78' lang='lat' dir='ltr'>servitii</span> 
     </span>
     <span class='ocr_line' id='line_1_14' title="bbox 320 1826 1560 1913; baseline 0.001 -24"><span class='ocrx_word' id='word_1_106' title='bbox 320 1826 459 1904; x_wconf 83' lang='lat' dir='ltr'>nominc,</span> <span class='ocrx_word' id='word_1_107' title='bbox 482 1840 516 1890; x_wconf 86' lang='lat' dir='ltr'>et</span> <span class='ocrx_word' id='word_1_108' title='bbox 537 1826 622 1913; x_wconf 93' lang='lat' dir='ltr'>quod</span> <span class='ocrx_word' id='word_1_109' title='bbox 647 1826 815 1890; x_wconf 86' lang='lat' dir='ltr'>Strcuffius</span> <span class='ocrx_word' id='word_1_110' title='bbox 837 1848 936 1912; x_wconf 86' lang='lat' dir='ltr'>penes</span> <span class='ocrx_word' id='word_1_111' title='bbox 958 1849 1017 1889; x_wconf 90' lang='lat' dir='ltr'>nos</span> <span class='ocrx_word' id='word_1_112' title='bbox 1040 1841 1167 1890; x_wconf 86' lang='lat' dir='ltr'>tantum</span> <span class='ocrx_word' id='word_1_113' title='bbox 1189 1838 1363 1890; x_wconf 83' lang='lat' dir='ltr'>extraneus</span> <span class='ocrx_word' id='word_1_114' title='bbox 1386 1848 1423 1890; x_wconf 86' lang='lat' dir='ltr'>sc</span> <span class='ocrx_word' id='word_1_115' title='bbox 1447 1849 1487 1889; x_wconf 87' lang='lat' dir='ltr'>eo</span> <span class='ocrx_word' id='word_1_116' title='bbox 1502 1828 1560 1911; x_wconf 84' lang='lat' dir='ltr'>pri·</span> 
     </span>
     <span class='ocr_line' id='line_1_15' title="bbox 319 1925 1561 2005; baseline 0 -15"><span class='ocrx_word' id='word_1_117' title='bbox 319 1950 407 1990; x_wconf 92' lang='lat' dir='ltr'>mum</span> <span class='ocrx_word' id='word_1_118' title='bbox 429 1940 503 1991; x_wconf 87' lang='lat' dir='ltr'>actu</span> <span class='ocrx_word' id='word_1_119' title='bbox 519 1926 548 1990; x_wconf 90' lang='lat' dir='ltr'>S.</span> <span class='ocrx_word' id='word_1_120' title='bbox 565 1927 602 1990; x_wconf 88' lang='lat' dir='ltr'>R.</span> <span class='ocrx_word' id='word_1_121' title='bbox 620 1927 707 1990; x_wconf 77' lang='lat' dir='ltr'>Mztis</span> <span class='ocrx_word' id='word_1_122' title='bbox 723 1925 789 1991; x_wconf 82' lang='lat' dir='ltr'>dmi</span> <span class='ocrx_word' id='word_1_123' title='bbox 804 1926 868 1991; x_wconf 87' lang='lat' dir='ltr'>mci</span> <span class='ocrx_word' id='word_1_124' title='bbox 884 1926 1024 1990; x_wconf 87' lang='lat' dir='ltr'>servitiis</span> <span class='ocrx_word' id='word_1_125' title='bbox 1041 1925 1204 1991; x_wconf 76' lang='lat' dir='ltr'>adhibitus</span> <span class='ocrx_word' id='word_1_126' title='bbox 1220 1926 1272 2005; x_wconf 89' lang='lat' dir='ltr'>sit,</span> <span class='ocrx_word' id='word_1_127' title='bbox 1289 1927 1374 1991; x_wconf 84' lang='lat' dir='ltr'>haud</span> <span class='ocrx_word' id='word_1_128' title='bbox 1391 1926 1561 1991; x_wconf 88' lang='lat' dir='ltr'>difficulter</span> 
     </span>
     <span class='ocr_line' id='line_1_16' title="bbox 318 2027 1559 2114; baseline 0.002 -24"><span class='ocrx_word' id='word_1_129' title='bbox 318 2027 541 2105; x_wconf 71' lang='lat' dir='ltr'>obtenturum,</span> <span class='ocrx_word' id='word_1_130' title='bbox 564 2050 667 2113; x_wconf 88' lang='lat' dir='ltr'>neque</span> <span class='ocrx_word' id='word_1_131' title='bbox 691 2041 845 2113; x_wconf 72' lang='lat' dir='ltr'>praeterea</span> <span class='ocrx_word' id='word_1_132' title='bbox 867 2048 957 2112; x_wconf 89' lang='lat' dir='ltr'>spem</span> <span class='ocrx_word' id='word_1_133' title='bbox 981 2027 1010 2091; x_wconf 83' lang='lat' dir='ltr'>oi</span> <span class='ocrx_word' id='word_1_134' title='bbox 1034 2027 1129 2091; x_wconf 84' lang='lat' dir='ltr'>sliam</span> <span class='ocrx_word' id='word_1_135' title='bbox 1145 2051 1201 2114; x_wconf 89' lang='lat' dir='ltr'>pro</span> <span class='ocrx_word' id='word_1_136' title='bbox 1216 2028 1391 2093; x_wconf 78' lang='lat' dir='ltr'>liberandis</span> <span class='ocrx_word' id='word_1_137' title='bbox 1407 2028 1485 2092; x_wconf 88' lang='lat' dir='ltr'>filiis</span> <span class='ocrx_word' id='word_1_138' title='bbox 1500 2028 1559 2092; x_wconf 91' lang='lat' dir='ltr'>suis</span> 
     </span>
     <span class='ocr_line' id='line_1_17' title="bbox 317 2128 1559 2216; baseline -0.002 -24"><span class='ocrx_word' id='word_1_139' title='bbox 317 2128 499 2214; x_wconf 84' lang='lat' dir='ltr'>relinquare</span> <span class='ocrx_word' id='word_1_140' title='bbox 521 2150 660 2214; x_wconf 86' lang='lat' dir='ltr'>possum,</span> <span class='ocrx_word' id='word_1_141' title='bbox 683 2128 745 2191; x_wconf 90' lang='lat' dir='ltr'>nisi</span> <span class='ocrx_word' id='word_1_142' title='bbox 769 2150 863 2214; x_wconf 88' lang='lat' dir='ltr'>quam</span> <span class='ocrx_word' id='word_1_143' title='bbox 888 2128 918 2191; x_wconf 91' lang='lat' dir='ltr'>S.</span> <span class='ocrx_word' id='word_1_144' title='bbox 942 2128 979 2191; x_wconf 86' lang='lat' dir='ltr'>R.</span> <span class='ocrx_word' id='word_1_145' title='bbox 1000 2128 1094 2193; x_wconf 66' lang='lat' dir='ltr'>Mass</span> <span class='ocrx_word' id='word_1_146' title='bbox 1109 2130 1202 2194; x_wconf 80' lang='lat' dir='ltr'>dtnus</span> <span class='ocrx_word' id='word_1_147' title='bbox 1218 2152 1309 2194; x_wconf 88' lang='lat' dir='ltr'>meus</span> <span class='ocrx_word' id='word_1_148' title='bbox 1323 2131 1394 2216; x_wconf 86' lang='lat' dir='ltr'>ipse</span> <span class='ocrx_word' id='word_1_149' title='bbox 1410 2129 1559 2195; x_wconf 81' lang='lat' dir='ltr'>decrevit.</span> 
     </span>
    </p>

    <p class='ocr_par' dir='ltr' id='par_1_4' title="bbox 318 2227 1559 2516">
     <span class='ocr_line' id='line_1_18' title="bbox 403 2227 1559 2316; baseline 0.003 -24"><span class='ocrx_word' id='word_1_150' title='bbox 403 2229 453 2293; x_wconf 85' lang='lat' dir='ltr'>Dc</span> <span class='ocrx_word' id='word_1_151' title='bbox 486 2241 593 2293; x_wconf 86' lang='lat' dir='ltr'>cetero</span> <span class='ocrx_word' id='word_1_152' title='bbox 621 2228 700 2292; x_wconf 74' lang='lat' dir='ltr'>Illzri</span> <span class='ocrx_word' id='word_1_153' title='bbox 727 2227 823 2292; x_wconf 76' lang='lat' dir='ltr'>Dzoni</span> <span class='ocrx_word' id='word_1_154' title='bbox 845 2251 919 2292; x_wconf 76' lang='lat' dir='ltr'>vzrae</span> <span class='ocrx_word' id='word_1_155' title='bbox 942 2229 1049 2293; x_wconf 86' lang='lat' dir='ltr'>studia</span> <span class='ocrx_word' id='word_1_156' title='bbox 1072 2252 1142 2293; x_wconf 86' lang='lat' dir='ltr'>msa</span> <span class='ocrx_word' id='word_1_157' title='bbox 1163 2244 1196 2295; x_wconf 84' lang='lat' dir='ltr'>et</span> <span class='ocrx_word' id='word_1_158' title='bbox 1217 2230 1475 2316; x_wconf 87' lang='lat' dir='ltr'>promptissimas</span> <span class='ocrx_word' id='word_1_159' title='bbox 1496 2230 1559 2295; x_wconf 89' lang='lat' dir='ltr'>offi-</span> 
     </span>
     <span class='ocr_line' id='line_1_19' title="bbox 318 2328 1557 2416; baseline 0.002 -24"><span class='ocrx_word' id='word_1_160' title='bbox 318 2331 441 2393; x_wconf 90' lang='lat' dir='ltr'>ciorum</span> <span class='ocrx_word' id='word_1_161' title='bbox 465 2329 552 2392; x_wconf 85' lang='lat' dir='ltr'>vices</span> <span class='ocrx_word' id='word_1_162' title='bbox 575 2330 676 2392; x_wconf 87' lang='lat' dir='ltr'>amice</span> <span class='ocrx_word' id='word_1_163' title='bbox 699 2328 821 2403; x_wconf 88' lang='lat' dir='ltr'>defero,</span> <span class='ocrx_word' id='word_1_164' title='bbox 845 2350 979 2415; x_wconf 84' lang='lat' dir='ltr'>eamque</span> <span class='ocrx_word' id='word_1_165' title='bbox 1003 2342 1039 2393; x_wconf 88' lang='lat' dir='ltr'>ut</span> <span class='ocrx_word' id='word_1_166' title='bbox 1062 2330 1148 2393; x_wconf 90' lang='lat' dir='ltr'>Deus</span> <span class='ocrx_word' id='word_1_167' title='bbox 1170 2343 1220 2393; x_wconf 89' lang='lat' dir='ltr'>ter</span> <span class='ocrx_word' id='word_1_168' title='bbox 1239 2331 1381 2416; x_wconf 87' lang='lat' dir='ltr'>optimus</span> <span class='ocrx_word' id='word_1_169' title='bbox 1402 2333 1557 2396; x_wconf 86' lang='lat' dir='ltr'>maximus</span> 
     </span>
     <span class='ocr_line' id='line_1_20' title="bbox 318 2428 1556 2516; baseline 0.002 -23"><span class='ocrx_word' id='word_1_170' title='bbox 318 2431 474 2516; x_wconf 77' lang='lat' dir='ltr'>sospitem</span> <span class='ocrx_word' id='word_1_171' title='bbox 497 2452 533 2493; x_wconf 85' lang='lat' dir='ltr'>ac</span> <span class='ocrx_word' id='word_1_172' title='bbox 555 2430 751 2494; x_wconf 88' lang='lat' dir='ltr'>incolumem</span> <span class='ocrx_word' id='word_1_173' title='bbox 774 2452 871 2516; x_wconf 90' lang='lat' dir='ltr'>quam</span> <span class='ocrx_word' id='word_1_174' title='bbox 893 2428 1075 2493; x_wconf 82' lang='lat' dir='ltr'>diutissime</span> <span class='ocrx_word' id='word_1_175' title='bbox 1098 2442 1235 2506; x_wconf 86' lang='lat' dir='ltr'>tueatur,</span> <span class='ocrx_word' id='word_1_176' title='bbox 1258 2452 1301 2494; x_wconf 83' lang='lat' dir='ltr'>ex</span> <span class='ocrx_word' id='word_1_177' title='bbox 1324 2431 1431 2495; x_wconf 86' lang='lat' dir='ltr'>animo</span> <span class='ocrx_word' id='word_1_178' title='bbox 1447 2454 1556 2496; x_wconf 80' lang='lat' dir='ltr'>voveo.</span> 
     </span>
    </p>
   </div>
   <div class='ocr_carea' id='block_1_3' title="bbox 317 2528 1066 2616">
    <p class='ocr_par' dir='ltr' id='par_1_5' title="bbox 317 2528 1066 2616">
     <span class='ocr_line' id='line_1_21' title="bbox 317 2528 1066 2616; baseline -0.001 -22"><span class='ocrx_word' id='word_1_179' title='bbox 317 2531 486 2595; x_wconf 76' lang='lat' dir='ltr'>Dabuntur</span> <span class='ocrx_word' id='word_1_180' title='bbox 509 2528 656 2616; x_wconf 84' lang='lat' dir='ltr'>Elbingae</span> <span class='ocrx_word' id='word_1_181' title='bbox 679 2529 732 2595; x_wconf 87' lang='lat' dir='ltr'>dio</span> <span class='ocrx_word' id='word_1_182' title='bbox 754 2533 775 2594; x_wconf 86' lang='lat'>4</span> <span class='ocrx_word' id='word_1_183' title='bbox 798 2530 950 2594; x_wconf 89' lang='lat' dir='ltr'>Decemb.</span> <span class='ocrx_word' id='word_1_184' title='bbox 976 2531 1066 2594; x_wconf 79' lang='lat'><strong>1627.</strong></span> 
     </span>
    </p>
   </div>
   <div class='ocr_carea' id='block_1_4' title="bbox 402 2667 1530 2732">
    <p class='ocr_par' dir='ltr' id='par_1_6' title="bbox 402 2667 1530 2732">
     <span class='ocr_line' id='line_1_22' title="bbox 402 2667 1530 2732; baseline 0.001 -13"><span class='ocrx_word' id='word_1_185' title='bbox 402 2670 530 2732; x_wconf 82' lang='lat' dir='ltr'>Koncapt</span> <span class='ocrx_word' id='word_1_186' title='bbox 549 2669 611 2718; x_wconf 85' lang='lat' dir='ltr'>med</span> <span class='ocrx_word' id='word_1_187' title='bbox 629 2669 696 2718; x_wconf 79' lang='lat' dir='ltr'>Lars</span> <span class='ocrx_word' id='word_1_188' title='bbox 717 2668 841 2717; x_wconf 84' lang='lat' dir='ltr'>Grubbes</span> <span class='ocrx_word' id='word_1_189' title='bbox 860 2669 915 2729; x_wconf 81' lang='lat' dir='ltr'>stss,</span> <span class='ocrx_word' id='word_1_190' title='bbox 934 2667 1153 2717; x_wconf 81' lang='lat' dir='ltr'>Oxenstierneka</span> <span class='ocrx_word' id='word_1_191' title='bbox 1171 2669 1334 2732; x_wconf 81' lang='lat' dir='ltr'>samllugan,</span> <span class='ocrx_word' id='word_1_192' title='bbox 1353 2670 1530 2723; x_wconf 77' lang='lat' dir='ltr'>Riksarklret</span> 
     </span>
    </p>
   </div>
   <div class='ocr_carea' id='block_1_5' title="bbox 315 3067 1245 3143">
    <p class='ocr_par' dir='ltr' id='par_1_7' title="bbox 315 3067 1245 3143">
     <span class='ocr_line' id='line_1_23' title="bbox 315 3067 1245 3143; baseline -0.003 -12"><span class='ocrx_word' id='word_1_193' title='bbox 315 3073 392 3131; x_wconf 74' lang='lat'>407.</span> <span class='ocrx_word' id='word_1_194' title='bbox 436 3075 503 3131; x_wconf 74' lang='lat' dir='ltr'>For</span> <span class='ocrx_word' id='word_1_195' title='bbox 524 3073 676 3130; x_wconf 73' lang='lat' dir='ltr'>Miohsel</span> <span class='ocrx_word' id='word_1_196' title='bbox 697 3074 890 3130; x_wconf 81' lang='lat' dir='ltr'>Weissman</span> <span class='ocrx_word' id='word_1_197' title='bbox 911 3067 990 3130; x_wconf 72' lang='lat' dir='ltr'>rrtn</span> <span class='ocrx_word' id='word_1_198' title='bbox 1011 3074 1245 3143; x_wconf 72' lang='lat' dir='ltr'>Marienburg.</span> 
     </span>
    </p>
   </div>
   <div class='ocr_carea' id='block_1_6' title="bbox 738 3372 1140 3435">
    <p class='ocr_par' dir='ltr' id='par_1_8' title="bbox 738 3372 1140 3435">
     <span class='ocr_line' id='line_1_24' title="bbox 738 3372 1140 3435; baseline 0 -14"><span class='ocrx_word' id='word_1_199' title='bbox 738 3372 868 3423; x_wconf 75' lang='lat' dir='ltr'>Retrlslse</span> <span class='ocrx_word' id='word_1_200' title='bbox 887 3373 949 3423; x_wconf 71' lang='lat' dir='ltr'>fron</span> <span class='ocrx_word' id='word_1_201' title='bbox 968 3373 1140 3435; x_wconf 72' lang='lat' dir='ltr'>krlgstjdnst.</span> 
     </span>
    </p>
   </div>
   <div class='ocr_carea' id='block_1_7' title="bbox 314 3502 1556 4495">
    <p class='ocr_par' dir='ltr' id='par_1_9' title="bbox 314 3502 1556 4495">
     <span class='ocr_line' id='line_1_25' title="bbox 402 3502 1556 3581; baseline 0.001 -15"><span class='ocrx_word' id='word_1_202' title='bbox 402 3502 501 3566; x_wconf 83' lang='lat' dir='ltr'>Axell</span> <span class='ocrx_word' id='word_1_203' title='bbox 535 3503 754 3567; x_wconf 86' lang='lat' dir='ltr'>chsenstirn.</span> <span class='ocrx_word' id='word_1_204' title='bbox 808 3503 922 3568; x_wconf 88' lang='lat' dir='ltr'>Kundt</span> <span class='ocrx_word' id='word_1_205' title='bbox 954 3505 1037 3568; x_wconf 87' lang='lat' dir='ltr'>undt</span> <span class='ocrx_word' id='word_1_206' title='bbox 1069 3527 1107 3566; x_wconf 81' lang='lat' dir='ltr'>zu</span> <span class='ocrx_word' id='word_1_207' title='bbox 1141 3504 1265 3581; x_wconf 77' lang='lat' dir='ltr'>nissen,</span> <span class='ocrx_word' id='word_1_208' title='bbox 1299 3504 1372 3568; x_wconf 87' lang='lat' dir='ltr'>dass</span> <span class='ocrx_word' id='word_1_209' title='bbox 1393 3504 1556 3569; x_wconf 75' lang='lat' dir='ltr'>furneiser</span> 
     </span>
     <span class='ocr_line' id='line_1_26' title="bbox 316 3602 1556 3692; baseline 0.002 -26"><span class='ocrx_word' id='word_1_210' title='bbox 316 3604 391 3681; x_wconf 88' lang='lat' dir='ltr'>diss,</span> <span class='ocrx_word' id='word_1_211' title='bbox 408 3602 541 3667; x_wconf 85' lang='lat' dir='ltr'>Michell</span> <span class='ocrx_word' id='word_1_212' title='bbox 558 3603 738 3666; x_wconf 79' lang='lat' dir='ltr'>Weissman</span> <span class='ocrx_word' id='word_1_213' title='bbox 755 3626 817 3666; x_wconf 84' lang='lat' dir='ltr'>ron</span> <span class='ocrx_word' id='word_1_214' title='bbox 834 3604 1051 3691; x_wconf 80' lang='lat' dir='ltr'>Marionburg,</span> <span class='ocrx_word' id='word_1_215' title='bbox 1067 3605 1100 3669; x_wconf 92' lang='lat' dir='ltr'>in</span> <span class='ocrx_word' id='word_1_216' title='bbox 1116 3627 1291 3692; x_wconf 79' lang='lat' dir='ltr'>erwegung</span> <span class='ocrx_word' id='word_1_217' title='bbox 1306 3604 1556 3691; x_wconf 82' lang='lat' dir='ltr'>beygcbrachter</span> 
     </span>
     <span class='ocr_line' id='line_1_27' title="bbox 317 3702 1555 3793; baseline 0.002 -27"><span class='ocrx_word' id='word_1_218' title='bbox 317 3704 422 3767; x_wconf 88' lang='lat' dir='ltr'>seiner</span> <span class='ocrx_word' id='word_1_219' title='bbox 442 3703 548 3768; x_wconf 90' lang='lat' dir='ltr'>hohen</span> <span class='ocrx_word' id='word_1_220' title='bbox 571 3702 887 3789; x_wconf 77' lang='lat' dir='ltr'>unvcrmbglichkeit</span> <span class='ocrx_word' id='word_1_221' title='bbox 910 3706 990 3769; x_wconf 90' lang='lat' dir='ltr'>undt</span> <span class='ocrx_word' id='word_1_222' title='bbox 1012 3704 1272 3793; x_wconf 70' lang='lat' dir='ltr'>¹rugestondenen</span> <span class='ocrx_word' id='word_1_223' title='bbox 1296 3705 1411 3782; x_wconf 85' lang='lat' dir='ltr'>unfals,</span> <span class='ocrx_word' id='word_1_224' title='bbox 1434 3707 1470 3769; x_wconf 94' lang='lat' dir='ltr'>in</span> <span class='ocrx_word' id='word_1_225' title='bbox 1489 3705 1555 3769; x_wconf 90' lang='lat' dir='ltr'>dem</span> 
     </span>
     <span class='ocr_line' id='line_1_28' title="bbox 316 3804 1555 3894; baseline 0.002 -26"><span class='ocrx_word' id='word_1_226' title='bbox 316 3827 350 3868; x_wconf 87' lang='lat' dir='ltr'>er</span> <span class='ocrx_word' id='word_1_227' title='bbox 382 3816 477 3869; x_wconf 88' lang='lat' dir='ltr'>unter</span> <span class='ocrx_word' id='word_1_228' title='bbox 509 3805 821 3868; x_wconf 75' lang='lat' dir='ltr'>obsistenleutenant</span> <span class='ocrx_word' id='word_1_229' title='bbox 856 3804 1029 3893; x_wconf 75' lang='lat' dir='ltr'>Wrongcln</span> <span class='ocrx_word' id='word_1_230' title='bbox 1064 3806 1097 3869; x_wconf 91' lang='lat' dir='ltr'>in</span> <span class='ocrx_word' id='word_1_231' title='bbox 1126 3806 1239 3868; x_wconf 81' lang='lat' dir='ltr'>kurzcr</span> <span class='ocrx_word' id='word_1_232' title='bbox 1265 3805 1328 3869; x_wconf 80' lang='lat' dir='ltr'>seit</span> <span class='ocrx_word' id='word_1_233' title='bbox 1349 3806 1429 3892; x_wconf 87' lang='lat' dir='ltr'>drey</span> <span class='ocrx_word' id='word_1_234' title='bbox 1453 3806 1555 3894; x_wconf 85' lang='lat' dir='ltr'>pferdt</span> 
     </span>
     <span class='ocr_line' id='line_1_29' title="bbox 316 3904 1555 3994; baseline 0.002 -25"><span class='ocrx_word' id='word_1_235' title='bbox 316 3904 498 3992; x_wconf 80' lang='lat' dir='ltr'>geblieben,</span> <span class='ocrx_word' id='word_1_236' title='bbox 532 3906 588 3969; x_wconf 89' lang='lat' dir='ltr'>der</span> <span class='ocrx_word' id='word_1_237' title='bbox 620 3905 845 3992; x_wconf 83' lang='lat' dir='ltr'>krigsdienste,</span> <span class='ocrx_word' id='word_1_238' title='bbox 881 3904 982 3970; x_wconf 77' lang='lat' dir='ltr'>demit</span> <span class='ocrx_word' id='word_1_239' title='bbox 1014 3929 1048 3971; x_wconf 88' lang='lat' dir='ltr'>er</span> <span class='ocrx_word' id='word_1_240' title='bbox 1081 3905 1247 3993; x_wconf 84' lang='lat' dir='ltr'>besagtem</span> <span class='ocrx_word' id='word_1_241' title='bbox 1280 3904 1555 3994; x_wconf 75' lang='lat' dir='ltr'>Obr[isteu]leute</span> 
     </span>
     <span class='ocr_line' id='line_1_30' title="bbox 315 4004 1554 4092; baseline 0.003 -24"><span class='ocrx_word' id='word_1_242' title='bbox 315 4017 393 4069; x_wconf 91' lang='lat' dir='ltr'>nant</span> <span class='ocrx_word' id='word_1_243' title='bbox 425 4005 599 4080; x_wconf 79' lang='lat' dir='ltr'>verwandt,</span> <span class='ocrx_word' id='word_1_244' title='bbox 633 4004 667 4068; x_wconf 92' lang='lat' dir='ltr'>in</span> <span class='ocrx_word' id='word_1_245' title='bbox 698 4006 823 4092; x_wconf 79' lang='lat' dir='ltr'>gnadcn</span> <span class='ocrx_word' id='word_1_246' title='bbox 847 4004 994 4071; x_wconf 85' lang='lat' dir='ltr'>erlasscn.</span> <span class='ocrx_word' id='word_1_247' title='bbox 1045 4006 1170 4071; x_wconf 84' lang='lat' dir='ltr'>Gestalt</span> <span class='ocrx_word' id='word_1_248' title='bbox 1192 4029 1226 4069; x_wconf 87' lang='lat' dir='ltr'>er</span> <span class='ocrx_word' id='word_1_249' title='bbox 1249 4029 1311 4070; x_wconf 88' lang='lat' dir='ltr'>von</span> <span class='ocrx_word' id='word_1_250' title='bbox 1334 4007 1467 4072; x_wconf 74' lang='lat' dir='ltr'>solchcn</span> <span class='ocrx_word' id='word_1_251' title='bbox 1490 4010 1554 4092; x_wconf 80' lang='lat' dir='ltr'>frey</span> 
     </span>
     <span class='ocr_line' id='line_1_31' title="bbox 315 4105 1554 4196; baseline 0.001 -27"><span class='ocrx_word' id='word_1_252' title='bbox 315 4106 466 4183; x_wconf 86' lang='lat' dir='ltr'>erlasscn,</span> <span class='ocrx_word' id='word_1_253' title='bbox 490 4106 601 4169; x_wconf 87' lang='lat' dir='ltr'>cassirt</span> <span class='ocrx_word' id='word_1_254' title='bbox 623 4106 705 4170; x_wconf 88' lang='lat' dir='ltr'>undt-</span> <span class='ocrx_word' id='word_1_255' title='bbox 727 4105 937 4194; x_wconf 83' lang='lat' dir='ltr'>cntschlagcn</span> <span class='ocrx_word' id='word_1_256' title='bbox 958 4129 996 4169; x_wconf 85' lang='lat' dir='ltr'>zu</span> <span class='ocrx_word' id='word_1_257' title='bbox 1018 4107 1086 4170; x_wconf 90' lang='lat' dir='ltr'>sein</span> <span class='ocrx_word' id='word_1_258' title='bbox 1101 4129 1164 4169; x_wconf 86' lang='lat' dir='ltr'>von</span> <span class='ocrx_word' id='word_1_259' title='bbox 1181 4106 1378 4193; x_wconf 69' lang='lat' dir='ltr'>manniglieh</span> <span class='ocrx_word' id='word_1_260' title='bbox 1396 4109 1554 4196; x_wconf 84' lang='lat' dir='ltr'>gehalten,</span> 
     </span>
     <span class='ocr_line' id='line_1_32' title="bbox 315 4205 1554 4293; baseline 0.002 -23"><span class='ocrx_word' id='word_1_261' title='bbox 315 4205 398 4270; x_wconf 91' lang='lat' dir='ltr'>undt</span> <span class='ocrx_word' id='word_1_262' title='bbox 431 4205 623 4270; x_wconf 84' lang='lat' dir='ltr'>dessbalben</span> <span class='ocrx_word' id='word_1_263' title='bbox 658 4207 768 4271; x_wconf 84' lang='lat' dir='ltr'>weiter</span> <span class='ocrx_word' id='word_1_264' title='bbox 801 4205 893 4271; x_wconf 90' lang='lat' dir='ltr'>nicht</span> <span class='ocrx_word' id='word_1_265' title='bbox 920 4205 1135 4293; x_wconf 83' lang='lat' dir='ltr'>angefochten</span> <span class='ocrx_word' id='word_1_266' title='bbox 1164 4208 1291 4272; x_wconf 84' lang='lat' dir='ltr'>werden</span> <span class='ocrx_word' id='word_1_267' title='bbox 1314 4208 1404 4272; x_wconf 84' lang='lat' dir='ltr'>solla.</span> <span class='ocrx_word' id='word_1_268' title='bbox 1450 4210 1487 4274; x_wconf 89' lang='lat' dir='ltr'>ln</span> <span class='ocrx_word' id='word_1_269' title='bbox 1510 4233 1554 4273; x_wconf 85' lang='lat' dir='ltr'>ur·</span> 
     </span>
     <span class='ocr_line' id='line_1_33' title="bbox 315 4307 1554 4398; baseline 0.003 -28"><span class='ocrx_word' id='word_1_270' title='bbox 315 4307 419 4371; x_wconf 86' lang='lat' dir='ltr'>kundt</span> <span class='ocrx_word' id='word_1_271' title='bbox 440 4307 505 4371; x_wconf 90' lang='lat' dir='ltr'>diss</span> <span class='ocrx_word' id='word_1_272' title='bbox 528 4308 588 4371; x_wconf 89' lang='lat' dir='ltr'>mit</span> <span class='ocrx_word' id='word_1_273' title='bbox 610 4307 728 4393; x_wconf 80' lang='lat' dir='ltr'>cigneo</span> <span class='ocrx_word' id='word_1_274' title='bbox 752 4307 875 4371; x_wconf 72' lang='lat' dir='ltr'>handen</span> <span class='ocrx_word' id='word_1_275' title='bbox 898 4307 979 4372; x_wconf 89' lang='lat' dir='ltr'>undt</span> <span class='ocrx_word' id='word_1_276' title='bbox 999 4308 1257 4395; x_wconf 78' lang='lat' dir='ltr'>frirgetrucktem</span> <span class='ocrx_word' id='word_1_277' title='bbox 1274 4322 1378 4374; x_wconf 85' lang='lat' dir='ltr'>secret</span> <span class='ocrx_word' id='word_1_278' title='bbox 1394 4310 1554 4398; x_wconf 80' lang='lat' dir='ltr'>beglaubi·</span> 
     </span>
     <span class='ocr_line' id='line_1_34' title="bbox 314 4407 1253 4495; baseline 0.002 -23"><span class='ocrx_word' id='word_1_279' title='bbox 314 4422 370 4494; x_wconf 83' lang='lat' dir='ltr'>get</span> <span class='ocrx_word' id='word_1_280' title='bbox 393 4407 532 4472; x_wconf 84' lang='lat' dir='ltr'>worden.</span> <span class='ocrx_word' id='word_1_281' title='bbox 578 4407 615 4470; x_wconf 93' lang='lat' dir='ltr'>In</span> <span class='ocrx_word' id='word_1_282' title='bbox 639 4407 801 4495; x_wconf 82' lang='lat' dir='ltr'>Elbingen</span> <span class='ocrx_word' id='word_1_283' title='bbox 824 4409 885 4473; x_wconf 91' lang='lat' dir='ltr'>den</span> <span class='ocrx_word' id='word_1_284' title='bbox 908 4410 927 4473; x_wconf 81' lang='lat'><strong>5</strong></span> <span class='ocrx_word' id='word_1_285' title='bbox 951 4408 1138 4474; x_wconf 86' lang='lat' dir='ltr'>Decembris</span> <span class='ocrx_word' id='word_1_286' title='bbox 1162 4410 1253 4474; x_wconf 76' lang='lat'><strong>1627.</strong></span> 
     </span>
    </p>
   </div>
   <div class='ocr_carea' id='block_1_8' title="bbox 399 4546 717 4611">
    <p class='ocr_par' dir='ltr' id='par_1_10' title="bbox 399 4546 717 4611">
     <span class='ocr_line' id='line_1_35' title="bbox 399 4546 717 4611; baseline -0.006 -15"><span class='ocrx_word' id='word_1_287' title='bbox 399 4546 490 4611; x_wconf 75' lang='lat' dir='ltr'>Tyska</span> <span class='ocrx_word' id='word_1_288' title='bbox 509 4546 623 4610; x_wconf 79' lang='lat' dir='ltr'>Reglstr.</span> <span class='ocrx_word' id='word_1_289' title='bbox 646 4550 717 4595; x_wconf 77' lang='lat'><strong>1627.</strong></span> 
     </span>
    </p>
   </div>
   <div class='ocr_carea' id='block_1_9' title="bbox 1120 3172 1555 3244">
    <p class='ocr_par' dir='ltr' id='par_1_11' title="bbox 1120 3172 1555 3244">
     <span class='ocr_line' id='line_1_36' title="bbox 1120 3172 1555 3244; baseline -0.002 -14"><span class='ocrx_word' id='word_1_290' title='bbox 1120 3174 1248 3244; x_wconf 73' lang='lat' dir='ltr'>mbrng</span> <span class='ocrx_word' id='word_1_291' title='bbox 1270 3172 1303 3229; x_wconf 89' lang='lat' dir='ltr'>d.</span> <span class='ocrx_word' id='word_1_292' title='bbox 1326 3176 1346 3229; x_wconf 82' lang='lat'><strong>5</strong></span> <span class='ocrx_word' id='word_1_293' title='bbox 1367 3175 1448 3236; x_wconf 83' lang='lat' dir='ltr'>Deo.</span> <span class='ocrx_word' id='word_1_294' title='bbox 1471 3174 1555 3231; x_wconf 68' lang='lat' dir='ltr'>lest.</span> 
     </span>
    </p>
   </div>
   <div class='ocr_carea' id='block_1_10' title="bbox 0 0 1650 5360">
    <p class='ocr_par' dir='ltr' id='par_1_12' title="bbox 0 0 1650 5360">
     <span class='ocr_line' id='line_1_37' title="bbox 0 0 1650 5360; baseline 0 2"><span class='ocrx_word' id='word_1_295' title='bbox 0 0 1650 5360; x_wconf 95' lang='lat' dir='ltr'> </span> 
     </span>
    </p>
   </div>
  </div>
 </body>
</html>
