3314 5362
1248 431 1307 495 101

110 597 226 683 pinquo
260 596 445 661 constitutis
478 610 606 666 cuncta.
633 619 703 684 quae
723 597 757 661 in
780 596 1032 684 disputationem
1057 597 1201 674 veniunt,
1224 597 1353 662 facilius

32 682 33 695 ¹
109 697 216 761 referri
249 696 385 784 possint.
439 696 550 761 Facile
582 698 615 761 id
650 697 835 783 persuaderi
865 697 926 762 sibi
955 720 1047 784 passa
1069 713 1119 764 est
1141 698 1172 763 S.
1195 699 1232 763 R.
1256 698 1353 762 M:tas

109 797 256 863 dominus
290 811 398 861 noster
430 796 709 875 clementissimus,
743 799 798 884 qui
827 811 896 862 toto
919 800 1079 884 praeterito
1102 812 1246 886 ternpore
1269 798 1353 863 nihil

32 982 33 987 η
109 921 202 984 quam
223 900 315 985 pacis
337 911 511 963 tractatum
534 899 628 978 ursit3
651 899 742 986 siquo
764 921 823 963 sua
844 901 1014 985 praesentia
1034 900 1207 986 quicquam
1223 901 1253 965 ei
1268 922 1352 963 com·

32 990 33 1037 i
110 998 193 1063 modi
227 999 344 1064 afferro
371 998 482 1085 possit,
508 998 591 1062 nihil
619 1013 668 1064 est
689 1001 906 1086 denegaturus
927 1000 1039 1085 (modo
1062 1024 1188 1088 aequum
1211 1001 1355 1088 petatur)

110 1099 336 1187 tranquillitati
370 1099 485 1164 horum
518 1121 700 1187 regnorum.
755 1099 875 1164 Veniet
904 1101 1033 1165 volente
1055 1103 1126 1166 Deo
1149 1103 1274 1183 Bitiam,
1297 1100 1354 1165 sed

32 1188 33 1201 ¹
110 1215 260 1285 pertaesus
294 1223 505 1287 processuum
533 1213 721 1279 vestrorum,
749 1199 916 1287 hucusque
941 1222 1179 1287 usurpatorum,
1201 1225 1261 1267 nec
1284 1225 1355 1287 pas·

32 1288 34 1383 1
110 1323 199 1365 surus
232 1325 267 1366 se
302 1300 343 1365 ad
376 1301 470 1364 illum
504 1301 635 1364 modum
669 1302 791 1366 diutius
824 1302 1011 1389 circumagi,
1040 1325 1134 1378 arma,
1162 1326 1232 1389 quae
1262 1303 1293 1365 S.
1317 1301 1353 1365 R.

110 1401 221 1466 M:tem
250 1401 369 1485 eius(!)
388 1401 523 1465 induero
546 1409 723 1487 coegerunt
746 1400 1019 1489 D[omiuati]ones
1042 1417 1163 1480 vestra,
1185 1403 1278 1467 vobis
1300 1425 1355 1489 op·

110 1516 213 1589 ponet,
237 1515 276 1566 ut
298 1524 411 1589 pacem
434 1501 560 1567 habeat.
605 1501 859 1579 Commissarios,
882 1505 938 1589 qui
961 1527 1035 1568 cum
1058 1505 1173 1568 restris
1191 1503 1355 1589 deputatis

32 1612 33 1615 ’
110 1602 146 1666 de
169 1603 316 1667 amicitia
337 1626 374 1667 ac
397 1602 630 1689 tranquillitate
653 1602 751 1667 etiam
773 1603 858 1668 iuter
881 1627 968 1668 arma
990 1617 1129 1690 agerent,
1148 1606 1217 1689 jam
1237 1604 1356 1669 consti·

32 1694 34 1753 i
110 1705 172 1768 tuit
202 1727 241 1768 ac
275 1727 386 1768 secum
412 1702 586 1767 advectura
612 1717 670 1767 est.
715 1704 862 1769 Paratum
886 1704 1047 1769 habebitis
1069 1704 1101 1769 S.
1125 1706 1161 1770 R.
1185 1706 1295 1769 M:tem
1319 1727 1356 1769 ac

32 1824 33 1829 ’
110 1827 300 1891 propensam
333 1803 374 1868 ad
406 1816 590 1890 utrumque,
624 1816 662 1868 ut
693 1805 753 1869 sub
782 1806 881 1890 justis
913 1806 1151 1871 conditionibus
1180 1819 1287 1871 vestra
1313 1806 1357 1870 sit

32 1954 34 1991 ‚
112 1906 197 1991 pacis
232 1905 362 1982 bellive,
396 1905 493 1968 etiam
526 1905 560 1968 iu
588 1907 656 1990 ipso
684 1904 779 1981 bello,
803 1906 903 1992 optio.
948 1906 1040 1971 Etsi
1063 1908 1134 1971 Rex
1156 1920 1263 1972 vester
1285 1929 1357 1992 pro·

111 2007 181 2091 pius
203 2005 359 2070 accedere
381 2005 531 2082 voluerit,
554 2016 593 2068 ut
614 2005 749 2069 consilia
770 2007 899 2071 facilius
921 2021 955 2071 et
974 2008 1091 2071 minori
1112 2030 1185 2072 cum
1201 2007 1355 2089 temporis

32 2110 34 2127 '
111 2107 278 2193 dispendio
313 2106 510 2170 comunicari
544 2105 679 2192 possint,
712 2107 744 2171 id
778 2107 839 2171 erit
872 2107 941 2171 siue
969 2106 1069 2171 dubio
1092 2108 1267 2194 plurimum
1290 2130 1356 2171 mo·

32 2274 34 2297 5
111 2209 211 2273 menti
233 2207 274 2271 ad
296 2204 343 2271 rei
366 2229 523 2270 summam
546 2204 742 2270 habiturum.

193 2306 318 2373 Verum
352 2321 389 2371 ut
420 2306 532 2371 isthaec
565 2307 600 2370 in
634 2307 854 2392 Septembrem
889 2307 1089 2387 differantur,
1123 2322 1248 2373 aetatem
1280 2309 1356 2372 anni

32 2458 34 2499 ᾗ
112 2408 202 2473 nobis
228 2409 364 2474 minime
386 2408 597 2484 commodam,
620 2408 783 2494 suspensis
804 2407 935 2473 interim
957 2411 1062 2488 armis,
1087 2432 1123 2473 ac
1144 2409 1356 2473 nihilomiuus

112 2510 233 2575 incerto
268 2521 425 2573 tractatus
456 2519 523 2572 taur
556 2508 651 2572 initio
684 2531 779 2594 quam
813 2523 942 2586 eventu,
975 2534 1039 2574 non
1066 2523 1116 2575 est
1138 2533 1155 2574 e
1178 2533 1213 2574 ra
1235 2533 1272 2575 ac
1294 2532 1356 2574 usu

32 2640 33 2669 ;
111 2625 227 2675 nostro.
283 2609 438 2674 Vestrum
472 2608 535 2673 erit
566 2621 726 2672 maturare
758 2611 931 2696 negocium
966 2634 1002 2675 ac
1035 2610 1209 2697 proerenirc
1236 2611 1357 2675 maiora

32 2760 33 2767 .
112 2711 203 2775 mala.
258 2714 311 2774 Ac
344 2722 467 2796 putate,
496 2731 570 2773 curn
598 2732 685 2773 arma
707 2709 799 2774 nobis
821 2712 1000 2775 necessario
1022 2712 1179 2797 capienda
1201 2712 1276 2789 sint,
1297 2733 1356 2775 nos

32 2842 34 2887 1
113 2812 208 2876 etiam
241 2811 328 2875 inter
360 2810 426 2875 haec
459 2809 574 2896 quovis
604 2823 747 2897 tempore
771 2833 809 2874 ac
830 2811 902 2875 loco
925 2813 965 2876 de
989 2834 1078 2897 pace,
1101 2836 1195 2898 quam
1219 2812 1278 2876 sub
1302 2835 1357 2877 au·

32 2938 33 2965 r
112 2913 218 2998 spiciis
241 2912 446 2977 induciarum
470 2910 616 2975 obtinere
636 2934 701 2975 non
717 2911 892 2999 potuimus,
907 2912 1141 2977 lubentissimis
1157 2913 1357 2999 promptissi-

32 3070 33 3073 ,
113 3014 234 3100 tuisque
258 3012 374 3077 animis
397 3026 430 3076 et
452 3012 618 3075 audituros
638 3025 672 3076 ct
687 3026 814 3077 acturos
829 3036 909 3078 esse.
948 3013 1114 3078 Dabuntur
1129 3013 1356 3078 Stocklrolmiae

112 3114 161 3179 dia
183 3118 224 3178 14
246 3113 343 3179 dunii
366 3115 465 3177 Anno
488 3113 580 3177 1625.

341 3246 491 3333 Magnus,
968 3248 1142 3325 Abraham,

114 3353 205 3404 Comes
214 3355 245 3403 in
252 3352 431 3416 vtsingburffi
442 3352 472 3401 R.
481 3352 505 3402 Β.
513 3352 717 3417 Archidaptler.
887 3352 984 3403 Comes
1002 3356 1030 3403 tu
1050 3354 1225 3417 Vlslugburg.

215 3432 350 3497 Carolus
373 3431 611 3517 Gyldenhielm‚
872 3433 1012 3498 Axelius
1035 3433 1240 3510 Oxenstiern‚

114 3536 717 3601 L.BaroluBargqrurau,R.S.Admlrrlllua.
912 3538 941 3587 R.
960 3539 985 3588 S.
1004 3539 1201 3589 Cancellarias.

275 3616 432 3681 Nicolaus
455 3615 557 3693 Horu,
898 3617 1064 3682 lohannes
1087 3618 1213 3705 Skyate,

279 3722 383 3771 Pressas
402 3721 555 3785 Oplandtoe.
768 3723 798 3771 L.
818 3723 888 3772 Baro
906 3723 936 3772 ln
955 3723 1097 3784 Dudaroff‚
1116 3725 1208 3787 Eques
1226 3728 1346 3773 auratus.

156 3801 288 3868 Gabriel
312 3801 506 3866 Oxeustiern
530 3802 676 3879 Gustari,
891 3801 1047 3867 Liunorm
1068 3803 1221 3891 Ribbiug.

133 3907 162 3957 L.
179 3909 253 3958 Baro
272 3907 308 3957 da
326 3906 442 3967 Klmlto,
459 3906 571 3969 Legitur
589 3907 697 3956 Vestro·

360 3991 470 4054 gothiae.

242 4068 428 4135 Schvanthe
449 4069 587 4146 Beuum,
876 4069 1009 4136 Carolus
1032 4069 1236 4146 Oxenstiern‚
1296 4099 1300 4107 ·

262 4175 341 4224 Aulus
359 4174 567 4224 Marssohallus.
928 4176 957 4225 L.
975 4177 1003 4225 B.
1023 4176 1050 4224 in
1070 4176 1184 4224 Lindod.

245 4253 402 4319 Nicolaus
425 4252 586 4341 Fleming,

283 4360 351 4409 Vloe
368 4359 545 4409 Admiraltns.

198 4477 370 4539 Utente-ist:
406 4476 658 4537 Reverendisatmts‚
692 4477 899 4538 Illustrr'ssimls,
933 4477 1108 4537 Revereatur,
1137 4476 1296 4528 Illustribus
1325 4493 1358 4528 ac

115 4560 264 4627 llagnlflcls
293 4561 419 4611 Dominis
449 4561 629 4611 Senatorlbus
659 4561 688 4610 R.
718 4560 841 4611 Polonloe
871 4562 1017 4626 Magnique
1044 4562 1167 4611 Ducatus
1194 4562 1358 4619 Lithuantas,

116 4646 208 4697 rictnls
225 4647 338 4697 nostrin
