3314 5362
37 760 39 837 l

37 852 39 925 l

37 960 38 1013 t

37 1020 39 1095 t

1232 470 1291 532 147

94 634 300 699 illustrissimi
333 648 463 698 senatus
498 634 602 721 Regni
633 633 755 699 Sueeiae
782 634 986 705 denunciato.
1011 634 1135 698 adiecto
1158 657 1265 699 mense
1287 636 1336 699 in·

95 750 190 821 tegre,
223 758 285 799 nce
319 735 388 799 ullo
420 733 639 799 commissario
673 748 780 798 vestro
813 748 1026 820 comparente,
1060 735 1197 821 ingressi
1226 759 1335 800 sumus

96 836 226 900 ditiones
259 850 381 900 vestras
415 849 448 900 et
480 835 562 899 hanc
596 849 773 900 extremam
807 858 894 899 oram
928 835 1119 912 Litbuaniae,
1152 836 1335 901 Posvoliam

96 938 269 1000 exussimus
293 950 327 1000 et
348 959 452 1022 pauca
474 935 617 1022 quaedam
640 934 720 1013 loca,
743 936 907 1000 domicilia
923 935 1145 1013 Cosaccorum,
1166 937 1222 1023 qui
1238 938 1335 1023 paulo

96 1052 162 1100 ante
194 1039 282 1101 facta
315 1038 348 1100 in
383 1035 602 1122 Semigalliam
635 1038 826 1101 excursione
860 1037 1013 1123 quosdam
1044 1038 1244 1114 nostratium,
1272 1039 1334 1103 sibi

96 1136 173 1201 forte
205 1137 342 1201 fortuito
375 1137 497 1213 obvios,
531 1138 644 1201 misere
677 1136 844 1201 laniarent.
894 1138 989 1202 Haud
1012 1139 1156 1202 saevitum
1179 1138 1213 1201 in
1237 1162 1335 1225 quen-

96 1260 186 1322 quam
219 1252 272 1301 est
303 1250 419 1323 praetet·
445 1260 566 1301 morem
595 1237 688 1316 belli3
714 1238 824 1324 etqui
848 1262 881 1303 se
904 1238 1062 1302 militibus
1084 1238 1335 1319 immiscuerunt,

37 1372 38 1385 κ
97 1361 163 1402 cum
197 1361 215 1401 a
248 1340 371 1403 ceteris
401 1338 540 1403 discerni
561 1338 741 1424 nequirent,
764 1337 850 1403 haud
873 1339 1000 1415 mirum,
1024 1340 1049 1402 si
1073 1340 1234 1403 fortunam
1257 1341 1335 1405 belli

97 1462 173 1524 passi
195 1441 270 1503 sint.

172 1540 210 1605 Id
244 1563 322 1604 vero
355 1539 452 1603 Illzris
486 1561 522 1602 ae
553 1538 678 1624 Magzea
704 1552 810 1603 vestra
832 1539 907 1602 Dzio
930 1540 1058 1605 videtur
1080 1541 1224 1624 innuere,
1249 1543 1336 1606 acsi

98 1641 173 1704 iusto
206 1654 352 1727 tempore
386 1638 554 1727 clarigatio
586 1662 651 1704 non
684 1640 910 1726 praecessisset.
966 1640 1159 1727 Scripsimus
1193 1642 1232 1706 ad
1263 1642 1336 1706 illu·

99 1739 312 1827 stlrissimum]
333 1753 481 1827 senatum
504 1741 609 1826 Regni
632 1741 773 1804 Poloniae
793 1741 970 1827 Magnique
991 1741 1136 1806 Ducatus
1152 1741 1335 1806 Lithuaniae

100 1844 134 1905 20
162 1842 340 1918 Februarii,
374 1841 460 1905 nollo
494 1842 524 1903 S.
552 1841 589 1905 R.
614 1841 724 1905 Mztem
747 1841 857 1905 dznum
880 1855 1025 1906 nostrum
1048 1843 1334 1907 clementissimum

99 1944 191 2007 teneri
223 1942 364 2007 induciis
398 1942 482 2006 ultra
514 1941 654 2028 primurn
687 1941 780 2006 Junii
806 1943 903 2006 huius
931 1944 1016 2018 anni,
1039 1943 1125 2028 quod
1147 1943 1229 2007 nihil
1253 1945 1335 2009 serio

100 2045 144 2128 agi
166 2044 490 2120 animadverteretur3
513 2065 572 2107 nec
595 2042 676 2105 vitio
699 2056 807 2106 nostro
829 2043 962 2119 factum,
985 2044 1071 2130 quod
1092 2045 1203 2129 paucis
1223 2045 1336 2109 diebus

54 2192 58 2197 .
100 2143 132 2206 ab
161 2144 277 2208 ultimo
311 2143 421 2208 Martii
454 2143 556 2208 literae
589 2157 705 2207 nostras
739 2143 871 2208 redditae
904 2145 977 2208 sint.
1032 2145 1160 2223 Quanto
1183 2146 1336 2229 justiores

101 2258 165 2308 sunt
185 2258 320 2331 questus
341 2245 453 2320 nostri,
475 2244 532 2329 qui
553 2243 714 2330 integrum
737 2267 857 2308 annum
880 2258 913 2309 et
935 2245 1059 2329 aliquot
1078 2268 1204 2309 menses
1219 2246 1337 2310 frustra

101 2346 327 2409 commissarios
349 2358 472 2409 vestros
495 2346 750 2430 expectavimus,
774 2346 902 2409 tametsi
926 2345 1016 2408 nullo
1040 2346 1104 2408 alio
1120 2346 1183 2411 fine
1198 2347 1336 2411 indueiae

101 2444 175 2510 inter
206 2470 264 2510 nos
298 2459 399 2531 pactae
433 2459 548 2517 essent,
576 2468 635 2509 nce
662 2468 844 2532 quenquam
868 2459 942 2509 ante
963 2444 1149 2511 hesternum
1172 2447 1259 2511 diem
1283 2448 1335 2511 ad·

101 2545 237 2610 futurum
275 2546 506 2617 intelleximus,
543 2558 581 2608 ut
613 2546 640 2609 si
673 2569 715 2610 ex
747 2545 927 2611 actionibus
960 2546 1112 2632 utrinque
1145 2548 1263 2612 nostris
1296 2549 1335 2613 de

103 2646 208 2712 affectu
240 2647 275 2711 in
309 2669 421 2734 pacem
451 2645 664 2729 judicandum
698 2647 750 2724 sit,
784 2659 937 2712 vestrates
967 2671 1061 2712 nemo
1087 2671 1152 2712 non
1175 2647 1336 2713 dixerita

100 2747 175 2830 justa
195 2747 432 2833 tranquillitate
456 2747 586 2811 alienos.

176 2848 344 2913 Vellemus
377 2848 484 2912 Birsas
516 2847 579 2910 alio
612 2847 683 2910 loco
711 2849 798 2923 sitae,
822 2861 859 2911 ut
881 2871 922 2911 ex
944 2849 985 2912 iis
1007 2872 1070 2913 non
1094 2851 1335 2929 infestaremur3

103 2971 187 3027 nune,
218 2974 294 3014 eum
327 2950 362 3012 in
397 2949 577 3035 propinquo
611 2949 676 3012 sint
708 2964 742 3013 et
775 2949 1016 3033 receptaculum
1049 2973 1169 3026 eorum,
1199 2951 1336 3036 quinos

104 3064 338 3137 persequuntur,
365 3049 513 3135 iniquum
535 3064 620 3113 esset
642 3066 674 3113 et
696 3050 843 3135 ineptum
866 3050 951 3113 nolle
975 3073 1039 3114 sure
1061 3053 1227 3116 securitati
1248 3051 1335 3116 bello

104 3149 248 3233 gliscente
276 3151 468 3237 prospicere.
518 3150 727 3235 Oppugnatio
753 3173 829 3215 vero
851 3150 961 3214 isthaec
982 3156 1093 3237 (quam
1117 3153 1271 3231 deserere,
1295 3176 1335 3217 ne

104 3266 218 3337 tempus
251 3253 313 3316 hoc
340 3251 433 3315 nobis
455 3265 575 3336 pereat,
599 3274 662 3314 non
685 3272 865 3337 possumus,
888 3250 950 3314 nisi
973 3252 1012 3314 de
1036 3275 1114 3336 pace
1138 3266 1171 3315 et
1194 3253 1336 3317 amicitia

104 3354 187 3434 certi)
212 3353 297 3417 haud
326 3351 474 3427 obstabit,
498 3373 562 3437 quo
584 3351 691 3414 minus
713 3365 825 3438 pacate
849 3375 922 3415 cum
945 3351 1101 3415 Dzonibus
1124 3353 1239 3416 vestris
1262 3375 1336 3417 con·

104 3453 285 3534 grediamur,
318 3452 493 3539 negocium
526 3450 588 3515 hoc
615 3451 753 3515 salutare
782 3452 894 3516 acturi.
939 3452 1054 3529 Locus,
1078 3454 1104 3516 si
1127 3453 1276 3517 uallari
1300 3478 1335 3517 ac

106 3550 223 3638 llagcae
257 3553 354 3617 Dzoni
389 3567 501 3617 vestrae
534 3551 704 3638 placuerit,
737 3575 800 3615 non
834 3553 897 3616 erit
928 3554 1098 3639 quisquam
1127 3555 1336 3630 commodior,

106 3673 189 3735 quam
221 3655 306 3717 inter
339 3654 455 3739 Rigam
489 3667 522 3716 et
555 3652 761 3732 Mitbaviam3
794 3654 966 3717 comitatus
994 3655 1035 3718 sit
1061 3655 1111 3718 ala
1133 3656 1281 3741 equitum
1304 3670 1337 3720 et

107 3754 217 3833 pedites
243 3754 388 3819 ducenti,
437 3754 671 3839 Quemcunque
699 3755 784 3819 diem
811 3753 921 3837 (modo
944 3755 1137 3839 tempestive
1160 3757 1337 3839 indicetur)

108 3850 170 3916 Dzio
194 3868 299 3919 vestra
325 3854 551 3925 nominaverit,
574 3854 720 3918 dabimus
743 3878 881 3940 operam,
905 3855 995 3918 utin
1017 3868 1162 3942 ternpore
1186 3855 1335 3919 adsimus.

107 3951 165 4017 Nec
189 3957 311 4033 dubito,
335 3956 423 4041 quin,
446 3955 471 4019 si
492 3955 581 4038 justa
604 3968 763 4042 potestate
785 3980 821 4020 ac
844 3955 1003 4020 mandatis
1025 3955 1176 4020 instructi
1198 3977 1337 4019 accesse-

108 4053 175 4133 ritis,
205 4057 302 4121 lacile
335 4057 447 4134 aimus,
473 4056 585 4121 divina
611 4058 782 4121 adiuvante
806 4056 988 4132 clementia,
1011 4055 1118 4119 stituri
1140 4054 1182 4141 [oz
1207 4054 1338 4141 staturi]

108 4174 219 4222 omnem
242 4157 429 4222 ulteriorem
452 4158 620 4244 sanguinis
643 4158 773 4221 humani
794 4158 982 4221 effusionem
999 4170 1032 4218 et
1048 4157 1245 4220 anteversuri
1262 4179 1338 4241 prae·

109 4258 285 4345 venturique
302 4282 367 4337 eas,
383 4282 453 4344 qum
469 4260 621 4323 videntur
635 4258 783 4344 ingruere
799 4256 1034 4345 provinciarum
1049 4256 1285 4321 devastationes
1301 4280 1338 4321 ac

110 4356 307 4438 calamitatem
330 4360 364 4423 in
382 4359 499 4444 quibus
517 4358 709 4433 avertendis,
725 4357 880 4444 quicquid
898 4380 1029 4442 possum
1044 4381 1148 4443 operae
1165 4357 1337 4444 studiique,

110 4452 218 4523 lubenti
250 4462 359 4524 auimo
386 4459 559 4524 collocabo,
608 4460 778 4523 Dabuntur
804 4482 821 4523 e
844 4458 956 4522 castris
978 4457 1018 4521 ad
1041 4458 1263 4523 Rotaivilitzlri
1286 4459 1337 4522 die

110 4557 142 4621 ¹⁸
162 4559 330 4647 Auglmtl]
352 4564 450 4624 Aflss‘)
473 4561 565 4624 1625·
867 4575 1006 4639 Axelius
1029 4576 1253 4654 Oxenstierna‚

913 4682 942 4730 R.
962 4682 985 4731 S.
1005 4681 1203 4730 Cancellarlus.
