3314 5362
380 484 440 548 136

337 651 439 736 magis
471 650 747 715 accommodatum
781 650 858 716 huic
891 651 1037 739 negocio,
1071 665 1104 718 et
1136 652 1239 716 donec
1271 651 1370 716 animi
1404 652 1580 716 amicorum

339 751 441 837 magis
465 751 528 814 huc
551 751 787 817 inclinaverint.

421 852 553 917 Interim
587 877 646 940 pro
678 854 898 918 continuanda
924 853 1214 918 communicatione
1241 867 1351 918 nostre
1377 854 1445 919 hac
1468 854 1583 940 paucis

337 953 465 1018 addam:
489 953 519 1016 S.
543 954 581 1018 R.
605 954 727 1031 bitem,
750 955 915 1019 dominum
939 978 1056 1031 meum,
1078 954 1402 1040 spaciobiduiao12
1419 954 1583 1032 horarum,

336 1067 506 1139 postquam
534 1077 551 1118 a
579 1070 674 1140 portu
701 1053 849 1119 solvisset
875 1054 1042 1131 atlanti,
1066 1078 1139 1119 eum
1163 1067 1231 1119 tota
1253 1054 1355 1119 classe
1377 1069 1412 1120 et
1434 1056 1582 1120 exercitu

337 1176 502 1218 emensum
535 1177 604 1218 esse
633 1153 695 1220 hoc
724 1178 808 1220 mare
836 1170 869 1220 et
896 1156 1015 1219 ostium
1038 1156 1149 1231 Dunae,
1173 1168 1303 1241 portum
1327 1155 1515 1242 Rigensem,
1538 1156 1583 1220 in·

336 1268 450 1335 trasse3
483 1254 705 1343 expositisque
733 1257 835 1343 copiis
862 1257 938 1334 suis,
962 1279 1036 1321 cum
1058 1256 1140 1320 nulli
1163 1256 1373 1320 commissarii
1397 1280 1415 1320 a
1439 1257 1581 1331 Paleris,

336 1354 393 1444 qui
430 1370 573 1443 egerent,
610 1358 767 1433 adessent,
805 1356 860 1420 sed
895 1369 1020 1421 tantum
1056 1357 1120 1421 duo
1153 1356 1304 1436 Iuvenes,
1338 1358 1583 1435 Tisenhsusius,

336 1456 529 1522 castellanus
559 1456 748 1534 Vendensis,
772 1470 804 1522 et
826 1457 1016 1535 anhofius,
1039 1457 1225 1543 capitaneus
1248 1457 1467 1544 Derpatensis‚
1493 1474 1582 1522 motu

336 1555 440 1643 inagis
474 1558 603 1645 proprio
636 1581 722 1621 arma
754 1571 862 1622 nostra
892 1557 1039 1622 inhibere
1073 1572 1106 1622 et
1134 1558 1286 1622 hebetare
1312 1570 1487 1633 tentarent,
1514 1583 1584 1646 pro

337 1678 464 1745 gressus
485 1671 535 1722 est
557 1658 811 1734 Kekenhusium,
834 1682 936 1744 eoque
959 1673 1055 1744 capto
1078 1672 1191 1746 quarta
1205 1672 1279 1744 post
1293 1659 1345 1722 die
1361 1659 1583 1747 Selsburgum,

337 1773 477 1823 castrum
512 1758 713 1844 Semigalliae,
740 1761 923 1846 occupavit,
950 1759 1068 1823 atalia
1091 1760 1236 1845 quaedam
1259 1782 1323 1823 non
1346 1760 1458 1846 magni
1481 1762 1584 1825 norni-

336 1860 387 1922 nis
420 1859 601 1923 Lithvanioe
633 1874 667 1923 et
699 1860 844 1924 Lironiae
874 1860 946 1924 loca
975 1883 1038 1923 uno
1060 1860 1185 1946 impetu
1208 1860 1242 1922 in
1265 1881 1355 1923 suam
1378 1861 1507 1948 redegit
1530 1886 1583 1950 po·

336 1972 494 2024 testatem.
543 1960 627 2039 Quid
660 1983 746 2025 nunc
773 1961 920 2024 futurum
947 1960 999 2038 sit,
1022 1961 1090 2024 dies
1112 1959 1245 2024 dicebit.
1292 1958 1430 2025 Dabitur
1451 1964 1582 2027 interim

337 2083 444 2147 opera.
478 2075 515 2124 ut
548 2061 643 2125 Duna
676 2060 795 2124 fluvius
830 2061 930 2125 nostri
964 2061 1006 2123 sit
1034 2060 1127 2145 juris,
1155 2083 1191 2123 ec
1218 2084 1288 2146 quae
1311 2060 1397 2125 intra
1419 2062 1511 2126 illam
1535 2079 1584 2126 est

336 2161 485 2238 Livonie,
509 2174 554 2239 ut,
578 2175 735 2248 quantum
758 2162 827 2226 fieri
850 2175 967 2248 potest,
990 2162 1029 2224 ab
1052 2159 1192 2224 hostium
1214 2161 1337 2224 insultu
1359 2163 1516 2226 immunis
1532 2165 1583 2239 sit,

336 2285 372 2326 ac
405 2285 486 2326 onus
519 2261 595 2327 belli
629 2263 662 2326 in
692 2262 901 2326 Lithvaniam
924 2262 1097 2335 derivetur,
1122 2284 1186 2346 quo
1211 2261 1324 2326 Poloni
1347 2262 1581 2328 Lithvanorum

337 2363 490 2449 periculis
524 2386 559 2427 aa
588 2363 755 2449 questibus
782 2363 860 2427 moti
885 2363 923 2426 ed
942 2364 1047 2447 justas
1070 2362 1242 2449 aliquando
1266 2364 1353 2451 pacis
1376 2364 1582 2429 condiciones

337 2463 534 2528 descendant
546 2465 582 2548 ¹).

420 2683 440 2746 ¹)
468 2686 600 2735 Hireiter
623 2688 673 2735 isar
693 2688 845 2751 konceptet
862 2687 1076 2751 ursprnngiigen
1096 2687 1157 2737 halt
1176 2703 1210 2737 en
1230 2701 1323 2736 annau
1343 2687 1507 2752 sislutning,
1527 2703 1584 2738 som

334 2770 492 2820 emeliertid
520 2770 708 2819 otveriorsats
736 2772 787 2821 och
815 2776 915 2821 ersetts
943 2773 1005 2821 med
1033 2772 1086 2821 den
1114 2774 1124 2821 i
1146 2777 1244 2821 texten
1263 2771 1504 2833 ibrekommsnde,
1523 2787 1584 2822 rnen

333 2870 390 2905 som
415 2856 465 2904 btr
482 2854 631 2916 aitryckes,
650 2855 686 2903 dt
705 2856 758 2904 den
777 2858 807 2904 ist
826 2856 855 2904 ai
873 2857 990 2905 intresse
1009 2857 1054 2905 lor
1071 2855 1208 2906 historien
1227 2870 1270 2904 om
1290 2855 1390 2905 Gustai
1406 2856 1508 2906 Adolis
1526 2859 1584 2921 pla·

333 2953 383 2989 ner
401 2939 438 3003 pd
455 2938 560 3001 tertiig
578 2939 587 2986 i
605 2939 707 2988 Pnlslrs
725 2939 868 2988 Preussen:

421 3023 491 3072 ’Nec
511 3023 608 3082 deerit,
626 3026 737 3072 volente
757 3023 823 3083 Deo,
842 3023 921 3073 nobis
940 3027 1011 3074 ratio
1029 3024 1146 3073 Polonos
1165 3023 1373 3086 Lithvsnosque
1391 3037 1424 3073 eo
1442 3024 1584 3087 surgendi,

333 3108 356 3157 si
384 3107 515 3171 Princeps
542 3113 605 3155 tuns
633 3108 692 3169 pati
717 3122 749 3157 ac
773 3108 847 3156 terre
869 3111 965 3171 possit,
983 3112 1014 3156 ut
1032 3107 1088 3156 Rex
1102 3122 1177 3156 meus
1196 3122 1258 3156 cum
1277 3106 1415 3170 Principis
1433 3111 1476 3157 tui
1495 3108 1584 3171 gratia

335 3191 370 3240 sd
397 3196 508 3254 tempus
535 3190 673 3239 obtineret
700 3195 820 3240 castrum
845 3192 950 3250 Memel,
974 3206 1027 3254 qno
1050 3191 1114 3240 inda
1134 3197 1209 3240 terra
1227 3191 1350 3253 marique
1369 3196 1399 3240 et
1417 3204 1469 3254 per
1487 3192 1584 3242 dusios

334 3276 506 3337 navigabiles
533 3274 708 3323 Lithvaniam
736 3275 847 3337 ingredi
870 3290 902 3324 ae
920 3281 1066 3338 penetrare
1085 3275 1190 3324 liceret.
1227 3274 1323 3332 Quaeso
1340 3274 1445 3338 indaga
1464 3276 1585 3325 animum

334 3361 376 3409 tul
404 3359 540 3421 Principis
568 3364 604 3419 et,
631 3358 654 3408 si
678 3375 734 3409 non
756 3359 938 3422 displicuerit,
957 3374 1011 3408 uno
1029 3360 1114 3407 verbo
1133 3359 1266 3420 significa.
1301 3358 1413 3408 Etenim
1432 3361 1455 3409 si
1475 3366 1585 3409 tantum

335 3443 477 3493 celsitudo
501 3444 587 3506 ipsius
611 3442 635 3491 S.
655 3443 683 3491 R.
703 3444 763 3493 Mai
781 3442 934 3505 gratificari
952 3443 1156 3505 commodisque
1175 3445 1233 3492 eius
1252 3444 1386 3493 inservire
1405 3444 1534 3497 voluerit.
1553 3450 1585 3492 ut

334 3527 421 3576 licent
448 3541 508 3575 cum
536 3527 622 3589 ipsius
649 3530 739 3591 grstia
766 3532 885 3576 castrum
913 3527 982 3576 iilud
1010 3540 1145 3589 occupare
1173 3541 1205 3575 ac
1232 3533 1327 3576 tenere
1352 3528 1469 3587 tamdiu,
1497 3530 1585 3577 donec

336 3610 436 3659 exinde
464 3609 595 3659 Litbveni
622 3612 791 3660 infestentur
814 3615 842 3660 et
864 3612 898 3660 ad
916 3611 1004 3674 justas
1024 3611 1200 3660 condiciones
1220 3611 1398 3674 accipiendas
1417 3612 1588 3675 compellan-

334 3698 388 3754 tur,
416 3700 484 3755 puta
507 3694 536 3742 id
553 3709 612 3743 esse
631 3695 751 3743 omnium
771 3695 920 3745 officiorum
939 3698 1095 3755 maximum,
1114 3695 1188 3757 qnod
1207 3708 1325 3757 unquam
1345 3694 1370 3741 S.
1390 3694 1419 3742 R.
1439 3695 1500 3744 irai
1519 3711 1587 3759 prae·

335 3778 404 3826 stari
432 3778 536 3841 poterit
557 3803 591 3811 —
614 3781 680 3841 quin
704 3784 733 3826 et
756 3793 845 3828 canan
868 3781 1006 3829 communi
1029 3779 1177 3828 admodum
1199 3780 1252 3827 erit
1271 3780 1348 3838 utile,
1367 3780 1391 3827 si
1409 3778 1435 3826 S.
1455 3778 1485 3827 R.
1505 3779 1587 3829 limas

335 3863 430 3924 aliqua
448 3864 556 3911 ratione
575 3863 651 3912 bello
670 3865 760 3912 isthoc
778 3864 893 3911 liberari
912 3866 1008 3926 possit,
1027 3872 1057 3911 ut
1075 3868 1135 3912 tote
1152 3862 1335 3925 cogitationes
1348 3877 1411 3912 suas
1424 3863 1588 3927 impendere

334 3947 483 3996 amicorum
512 3947 596 3995 saluti
624 3951 708 4009 queat
730 3971 763 3979 -
789 3961 840 3996 nec
868 3950 922 3996 erit
946 3947 1112 3996 celsitudini
1136 3946 1222 4009 ipsius
1239 3946 1334 3996 fraudi
1352 3954 1402 3994 aut
1420 3949 1587 4010 praeiudicio

335 4032 392 4079 ullo
415 4030 506 4088 modo,
530 4032 595 4093 quie
621 4031 674 4093 lpsi
693 4029 826 4079 reddatur
844 4030 902 4079 sine
922 4031 996 4080 omni
1015 4031 1177 4093 exceptione
1196 4036 1244 4078 aut
1263 4031 1446 4079 diminutione
1465 4031 1534 4092 juris
1554 4044 1589 4080 ae

335 4114 481 4162 redituum.
518 4117 554 4162 At
571 4116 594 4162 si
613 4113 792 4176 displicuerit,
811 4120 880 4179 puta
899 4130 960 4164 eum
979 4115 1108 4164 affectum
1128 4129 1188 4164 esse
1206 4113 1286 4177 Regis
1305 4117 1360 4163 mei
1379 4115 1408 4163 in
1428 4113 1587 4177 Principem

335 4201 421 4257 tunm,
443 4201 474 4246 ut
491 4196 562 4247 nihil
581 4199 658 4247 velit.
676 4198 750 4260 quod
767 4201 822 4262 ipsi
841 4203 878 4250 sit
897 4198 1037 4263 ingratum
1056 4212 1088 4247 aa
1107 4199 1275 4248 detrimento
1294 4199 1426 4248 luterum.
1463 4199 1530 4248 Haee
1550 4198 1589 4247 ad

334 4286 363 4331 te
381 4281 472 4344 jussus
490 4294 549 4330 sum
568 4282 703 4339 scribere;
721 4286 752 4330 tu
770 4283 903 4342 facturus,
922 4284 995 4346 quod
1014 4289 1121 4346 gratnm
1140 4288 1183 4332 est
1201 4282 1269 4345 Regi
1284 4295 1355 4341 meo,
1372 4284 1397 4331 si
1408 4285 1589 4346 reseripersis

335 4372 364 4415 et
392 4367 511 4414 animum
540 4365 677 4430 Principis
704 4368 746 4415 tui
773 4369 937 4430 explicueris
966 4372 1069 4430 aperte.
1114 4368 1153 4416 Ilo
1174 4368 1247 4418 enim
1271 4369 1383 4417 nomine
1406 4367 1478 4416 hunc
1500 4366 1540 4415 sd
1558 4374 1589 4416 te

334 4448 398 4498 misi
425 4450 611 4512 tabellarium,
639 4457 669 4499 nt
696 4456 801 4500 certum
829 4451 980 4501 habeamus
1005 4465 1174 4514 responsum,
1201 4450 1272 4500 nihil
1296 4450 1486 4510 intermisceri,
1509 4452 1590 4513 quod

335 4534 507 4583 commodum
527 4534 564 4583 sit
583 4534 732 4583 destinatis
751 4537 861 4593 nostris,
878 4549 931 4585 nec
948 4535 1051 4584 tacturi
1070 4537 1216 4598 quicquam
1236 4534 1314 4584 vobis
1333 4536 1482 4596 ingratum.
1517 4534 1590 4583 iiiiii

335 4632 400 4667 vero
420 4619 539 4680 ignosce,
557 4618 632 4680 quod
650 4622 758 4667 tantum
778 4619 895 4667 audeam
914 4619 988 4681 apud
1006 4623 1043 4677 te,
1062 4621 1110 4681 qui
1128 4618 1194 4667 mibi
1208 4618 1281 4667 hanc
1294 4618 1438 4667 licentiam
1451 4620 1590 4681 promitto

336 4716 370 4751 ex
388 4702 460 4751 inita
479 4700 656 4750 ssokhoimioe
675 4702 750 4751 inter
767 4716 817 4751 nos
835 4702 1035 4751 familiaritate.
1071 4703 1161 4751 Valeo
