3244 5334
1238 425 1299 489 293

95 597 156 657 Ast
188 593 286 657 rebus
321 591 368 655 uti
403 615 489 656 nunc
523 592 718 670 constitutis,
746 615 819 655 cum
845 591 910 656 levi
934 605 1098 656 momento
1120 591 1215 656 facile
1238 604 1342 656 status

95 717 199 759 rerum
229 717 265 757 ac
293 693 433 758 rationes
456 694 663 758 consiliorum
687 694 804 757 mutari
827 706 956 779 queant,
982 706 1060 778 puta
1082 715 1141 756 nos
1164 693 1273 779 magni
1296 693 1343 756 of-

95 794 160 858 licii
192 794 268 858 loco
298 793 471 869 babituros,
496 794 522 857 si
545 794 661 880 saepius
684 794 803 858 scribas
826 806 859 857 et
880 807 1015 880 caeptam
1038 793 1342 857 communicationis

95 907 209 959 nostrae
232 895 330 958 telam
355 908 511 979 pertexss.

177 995 233 1060 Ad
267 1018 325 1059 nos
358 994 445 1081 quod
479 994 605 1071 attinet,
639 993 722 1057 nibil
755 1018 841 1058 nnnc
876 994 1015 1057 occurrit
1043 994 1179 1079 dignum
1207 994 1341 1079 scriptu.

96 1096 225 1161 Etenim
261 1108 430 1182 postquam
465 1095 576 1170 Birzae,
611 1094 943 1179 Baudschenburgum
978 1108 1012 1158 et
1046 1093 1204 1158 llithavia
1235 1108 1343 1159 essent

94 1210 262 1282 occupatu,
296 1211 450 1283 vergente
483 1196 516 1260 in
551 1207 741 1259 autumnum
776 1218 869 1272 anno,
898 1195 991 1259 miles
1013 1209 1123 1259 noster
1144 1196 1190 1259 cis
1214 1194 1342 1258 Dunsm

95 1298 126 1360 in
154 1297 303 1382 hyberna
330 1298 483 1361 reductus
510 1309 569 1360 est.
619 1297 753 1360 Interim
775 1297 904 1382 cogitur
924 1296 959 1360 in
982 1295 1157 1359 Lithvania
1180 1296 1342 1359 exercitus

94 1399 214 1484 triplex
259 1397 341 1462 duce
378 1396 586 1471 Radzewilio,
627 1397 735 1460 Leone
773 1396 880 1482 Sapie,
918 1396 1059 1483 palatino
1095 1396 1267 1467 Wilnensi,
1309 1411 1342 1460 et

95 1499 287 1563 Alexandro
314 1497 484 1569 Gonseski,
519 1497 662 1582 palatino
695 1497 940 1561 Smolenscensi.
985 1496 1046 1561 Ille
1068 1512 1171 1561 castra
1194 1496 1286 1583 ponit
1307 1497 1343 1559 in

95 1599 291 1686 Semigallia,
325 1598 359 1662 hi
393 1621 461 1662 sese
492 1599 639 1683 jungunt
673 1597 712 1661 ad
747 1597 993 1685 Duneburgum,
1026 1621 1165 1683 cumque
1197 1597 1342 1661 Lironiae

95 1701 263 1765 imminere
294 1722 331 1763 ac
355 1699 496 1763 minitari
519 1698 716 1777 viderentur,
742 1699 772 1762 S.
796 1698 833 1762 R.
857 1699 952 1762 M:tas
975 1699 1079 1763 milite
1102 1722 1171 1776 suo,
1195 1699 1343 1784 quierat

95 1802 132 1865 sd
161 1823 304 1876 manum,
327 1800 436 1863 subito
459 1799 596 1862 collecto
620 1799 746 1863 obviam
769 1799 809 1863 iis
833 1822 1019 1885 progressus
1042 1812 1100 1875 est,
1123 1801 1180 1886 qui
1202 1799 1342 1862 adventu

94 1902 123 1965 S.
156 1903 196 1965 R.
232 1901 321 1964 M:tis
350 1900 482 1987 cognito
508 1913 720 1975 recesserunt,
744 1899 839 1986 Sepia
864 1901 991 1963 Dunam
1015 1900 1179 1964 traiiciens
1202 1913 1236 1963 et
1258 1899 1342 1963 Gon·

94 2003 177 2066 seski
213 2002 449 2087 Duneburgum
483 2023 605 2064 versus.
661 2001 781 2065 Mensis
813 2001 923 2086 itaque
957 2024 1043 2064 nunc
1077 2015 1126 2064 est
1158 2015 1191 2064 et
1219 2000 1342 2086 aliquot

94 2103 170 2175 dies,
206 2125 270 2188 quo
304 2102 501 2166 exercitibus
536 2102 628 2165 Duns
662 2101 762 2165 fluvio
795 2101 907 2166 divisis
937 2102 1087 2187 utrinque
1113 2102 1261 2188 quietum
1283 2110 1341 2164 est.

93 2204 188 2267 Nunc
226 2226 303 2266 vero
341 2216 510 2286 postquam
548 2202 686 2265 Livonia
722 2202 961 2287 Litbvaniaque
996 2203 1118 2289 frigore
1152 2200 1341 2276 coalescere,

93 2304 295 2389 liberumque
319 2302 488 2367 transitum
512 2303 641 2389 utrique
664 2304 839 2367 concedere
862 2304 965 2389 erepit,
989 2304 1049 2366 erit
1072 2304 1178 2367 forsan
1202 2303 1341 2386 inposte-

93 2428 161 2468 rum
186 2404 324 2491 amplior
346 2402 505 2467 scribendi
528 2405 687 2467 materies.

177 2506 227 2568 De
252 2503 440 2569 tractatibus
463 2527 549 2568 nunc
573 2505 736 2568 silentium
759 2516 817 2580 est,
841 2503 903 2567 nisi
926 2504 1012 2591 quod
1033 2505 1110 2568 Dux
1127 2504 1340 2582 Churlsndiae‚

93 2621 129 2671 ut
160 2630 227 2693 prae
260 2628 294 2668 se
327 2604 392 2669 fert
426 2606 647 2669 consentiente
674 2606 764 2691 Rege
793 2605 943 2681 Poloniae,
962 2607 1016 2690 jus
1039 2605 1255 2671 neutralitatis
1278 2604 1340 2669 sibi

93 2708 225 2771 concedi
251 2720 352 2793 petat.
398 2705 468 2792 Ego
491 2707 569 2771 licet
591 2706 621 2768 S.
646 2707 681 2769 R.
707 2707 818 2770 M:tem
841 2730 906 2769 non
929 2707 1067 2770 alienam
1090 2708 1192 2770 norim
1215 2730 1234 2769 a
1255 2729 1341 2770 com·

93 2809 194 2872 modis
218 2822 252 2872 et
274 2808 518 2871 conservatione
541 2809 656 2870 domus
679 2806 912 2884 Churlundicae,
937 2820 1044 2871 tamen
1068 2807 1120 2870 bic
1138 2821 1227 2870 tenta
1244 2807 1339 2870 video

93 2908 254 2973 obversari
284 2907 526 2993 impedimenta,
553 2920 723 2971 uteorum
748 2909 998 2973 amovendorum
1021 2909 1161 2971 rationes
1185 2907 1340 2971 hactenus

91 3009 224 3096 reperiri
258 3009 480 3094 nequiverint,
514 3008 592 3093 quid
627 3023 734 3072 eutem
768 3008 916 3071 futurum
946 3009 998 3085 sit,
1021 3020 1054 3072 et
1075 3032 1115 3071 an
1139 3008 1216 3072 Dux
1239 3007 1342 3072 Chur·

92 3110 206 3174 landiae
245 3110 419 3194 propositis
456 3108 700 3173 condicionibus
733 3108 918 3173 satisfecere
952 3123 1060 3195 queat,
1092 3109 1258 3193 intelliges
1292 3110 1340 3172 in·

92 3225 268 3295 posterum.
314 3213 424 3294 Atque
447 3208 514 3272 baec
537 3209 578 3272 de
600 3211 695 3274 rebus
718 3210 843 3273 nostris.

173 3312 272 3375 Nunc
297 3310 406 3396 paucis
429 3311 467 3374 ad
491 3322 614 3396 partem
638 3311 782 3396 epistolae
804 3326 867 3374 tuae
885 3309 1096 3396 respondebo,
1135 3309 1253 3373 Scribis
1268 3333 1339 3395 pro·

92 3412 224 3475 missum
250 3410 395 3495 Principi
417 3410 658 3496 Transylveniae
678 3411 920 3474 matrimonium
935 3410 1162 3474 illustrissimae
1179 3410 1338 3496 Principis

92 3510 284 3588 Catharinae,
318 3511 471 3596 addisque
503 3513 653 3587 rationes,
687 3535 745 3575 cur
777 3512 929 3577 maturari
963 3512 1151 3597 oportuerit.
1203 3510 1338 3589 Cuncta,

91 3635 159 3697 qnae
187 3636 229 3677 eo
256 3613 290 3676 in
313 3612 451 3698 negocio
475 3626 555 3687 scts,
579 3612 609 3674 S.
633 3612 670 3675 R.
694 3613 767 3676 Mzti
790 3613 991 3698 perplacent3
1015 3634 1153 3699 cumque
1175 3614 1208 3677 id
1232 3612 1340 3675 matri·

91 3715 235 3776 monium
259 3736 302 3776 ex
323 3734 384 3775 usu
408 3712 572 3776 communi
588 3713 771 3796 judicatum
792 3713 843 3791 sit,
859 3713 941 3777 nibil
957 3714 1079 3777 factum
1096 3714 1225 3791 rectius,
1242 3736 1336 3798 quam

91 3814 115 3876 si
143 3814 356 3878 acceleretur.
402 3812 569 3876 Vellemus
592 3814 736 3898 legatum
762 3814 919 3899 Principis
941 3814 1164 3899 Transylvani,
1188 3836 1284 3900 quem
1306 3829 1339 3875 et

91 3912 150 3977 buc
183 3915 270 3977 ferre
305 3915 455 3977 mandata
487 3914 710 4000 intelligimus,
745 3914 784 3978 ad
819 3915 848 3977 S.
884 3916 920 3979 R.
957 3916 1068 3978 M:tem
1103 3915 1240 3989 venisse,
1273 3935 1337 3998 quo

90 4014 222 4078 initium
257 4013 327 4078 fieri
361 4015 560 4078 commodius
593 4015 753 4100 potuisset
775 4016 891 4079 futurae
915 4016 1063 4079 amicitiae
1087 4029 1128 4090 et,
1153 4026 1190 4076 ut
1212 4027 1336 4090 vocant,

90 4114 327 4200 intelligentiae.
378 4114 501 4178 Verum
530 4129 698 4201 postquam
726 4115 755 4178 S.
782 4117 818 4179 R.
842 4117 954 4180 M:tem
977 4129 1010 4179 et
1032 4115 1215 4200 Principem
1238 4113 1337 4177 Tran-

91 4215 245 4298 sylvaniae
276 4214 353 4278 olim
376 4214 520 4278 studium
544 4216 723 4280 communis
746 4238 859 4293 causae,
883 4239 968 4280 nunc
991 4217 1063 4302 ipsa
1085 4238 1213 4301 quoque
1236 4214 1338 4278 affini·

90 4327 136 4378 tas
169 4315 342 4379 vinculum
373 4339 437 4378 non
467 4318 711 4401 aspernandum,
735 4318 816 4381 adde
839 4340 1024 4381 communes
1047 4317 1155 4380 hostes
1178 4329 1274 4402 atque
1297 4316 1337 4380 ab

90 4415 204 4480 iisdem
239 4438 411 4481 commune
444 4415 616 4480 imminens
650 4417 831 4502 periculum
864 4419 1072 4504 coniungent,
1100 4418 1275 4482 studiosius
1302 4418 1336 4480 in

91 4532 253 4601 posterum
278 4516 308 4580 S.
332 4517 370 4580 R.
395 4517 489 4581 M:tss
512 4541 585 4581 cum
609 4518 696 4582 dicto
719 4518 869 4604 Principe
890 4533 1038 4582 mutuum
1054 4519 1181 4581 fovebit
1196 4540 1336 4581 amorem

90 4628 121 4680 et
145 4617 287 4682 consilia
312 4618 347 4680 in
370 4639 436 4681 rem
460 4641 663 4682 communem
686 4619 946 4684 communicabit.
992 4619 1143 4683 Vestrum
1166 4641 1252 4682 nunc
1274 4619 1336 4682 erit
