3314 5362
384 473 425 537 86

343 642 447 705 vicem
470 640 611 705 absentis
634 639 700 704 dzni
723 639 843 718 thzii3
866 662 916 704 res
938 661 1015 703 vero
1038 639 1124 726 ipsse,
1147 652 1185 703 ut
1206 651 1282 703 sunt
1296 641 1406 726 magni
1422 641 1603 717 momenti,

342 743 390 806 ita
421 741 609 826 gratissimae
643 741 778 827 cognitu
808 739 838 803 S.
866 740 904 804 R.
928 740 999 804 tini
1022 740 1096 804 d:no
1119 762 1190 804 meo
1212 740 1464 806 clementissimo
1487 743 1598 807 fuere.

426 842 501 906 Non
533 841 734 927 respondebo
768 863 854 904 nunc
888 839 927 903 sd
953 840 1089 926 singula,
1112 863 1185 905 cum
1207 840 1301 905 dznus
1324 840 1470 921 Gotzius,
1494 865 1597 929 quem

343 943 404 1007 hoc
426 956 572 1029 tempore
594 941 718 1006 salvum
743 941 783 1005 sd
804 962 863 1004 vos
884 941 1018 1005 rediisse
1041 963 1144 1026 spero,
1167 956 1284 1006 cuncte
1306 956 1465 1017 accurate,
1488 957 1531 1007 nt
1546 957 1603 1007 est

343 1043 392 1107 vir
424 1042 564 1129 prudens
597 1057 631 1106 et
657 1065 767 1129 sagax,
791 1041 843 1106 hic
865 1042 1068 1128 perspexerit
1089 1056 1123 1106 et
1144 1043 1344 1129 cognoverit,
1367 1058 1405 1108 ut
1427 1043 1528 1107 facile
1553 1044 1601 1107 sit

342 1167 385 1209 ex
407 1144 470 1209 fide
493 1166 551 1208 sua
573 1144 740 1219 relaturus,
764 1166 828 1230 quo
852 1141 959 1206 animo
983 1143 1164 1229 affectuque
1187 1143 1346 1208 Dominus
1363 1167 1453 1209 meus
1469 1145 1507 1208 in
1524 1168 1598 1210 rem

343 1267 545 1309 communem
572 1258 606 1308 et
627 1244 775 1330 inprimis
797 1242 930 1307 domum
952 1242 1245 1323 Brundeburgicam
1267 1244 1486 1310 Electornlem
1510 1246 1600 1310 fers·

343 1359 405 1409 tur.
450 1344 571 1431 Scripsi
593 1367 719 1431 quoque
743 1344 912 1430 adipsum
935 1343 1036 1408 veluti
1059 1344 1267 1409 consiliorum
1289 1360 1470 1411 nostrorum
1487 1345 1602 1411 scien-

343 1445 513 1521 tissimum,
536 1469 607 1531 quae
630 1459 702 1530 post
722 1445 824 1530 ipsius
846 1444 1022 1509 discessum
1042 1446 1254 1510 mutationem
1270 1447 1428 1533 quendam
1443 1446 1601 1511 consiliis

343 1546 460 1611 nostris
492 1546 684 1622 intulerunt,
718 1568 783 1610 non
813 1544 974 1623 dubitans,
997 1546 1076 1632 quin
1099 1570 1142 1611 ex
1162 1545 1221 1610 illo
1243 1548 1283 1612 dc
1305 1548 1432 1612 cunctis
1455 1547 1502 1611 sis
1528 1550 1600 1635 ple·

343 1648 416 1711 nius
437 1648 659 1712 informandus
674 1648 707 1729 l).

428 1748 490 1813 llla
522 1772 597 1813 vero
630 1747 743 1834 paucis
776 1747 943 1834 attingunt,
970 1748 1004 1811 in
1032 1747 1148 1835 quibus
1170 1747 1270 1836 Regis
1292 1749 1357 1812 mci
1379 1771 1514 1835 operam
1538 1764 1603 1814 sut

345 1849 512 1914 adsensum
536 1848 689 1933 Princeps
711 1862 786 1912 tuus
808 1847 974 1932 efflagitat.

430 1949 550 2013 Scribis
583 1950 706 2037 Regem
740 1948 849 2012 Daniae
883 1948 917 2012 in
945 1971 1037 2013 usum
1065 1948 1126 2013 filii
1148 1949 1199 2013 sui
1223 1948 1343 2014 ambire
1366 1950 1600 2036 episcopatum

345 2050 579 2127 (laminensem,
609 2063 642 2114 et
663 2050 796 2114 viduum
819 2048 920 2112 Ducis
943 2050 982 2113 de
1006 2048 1125 2134 Croije.
1149 2064 1257 2114 natam
1280 2075 1297 2114 c
1320 2051 1416 2114 domo
1440 2050 1601 2115 Pomera-

344 2151 427 2229 nica‚
461 2152 598 2215 eundem
632 2150 700 2214 filio
734 2173 792 2213 suo
826 2161 988 2236 expetere,
1022 2149 1174 2235 diemque
1201 2151 1442 2238 Capitularibus
1465 2151 1598 2217 dictum

345 2252 427 2316 lunae
449 2275 467 2315 s
488 2252 571 2317 festo
594 2250 772 2327 Trinitatis,
796 2273 860 2337 quo
882 2248 1024 2337 eligendi
1047 2250 1243 2316 coadiutoris
1265 2273 1359 2315 causa
1379 2253 1600 2331 convenient;

344 2366 440 2439 atque
463 2376 505 2416 ex
527 2375 561 2416 re
585 2351 785 2416 Serenissimi
808 2351 969 2415 Electoris
992 2351 1040 2415 tui
1062 2351 1133 2415 fore
1152 2351 1292 2436 judicas,
1315 2364 1351 2415 ut
1373 2352 1404 2415 S.
1428 2353 1465 2416 R.
1484 2354 1597 2431 Mztas,

344 2453 493 2518 dominus
526 2475 625 2528 meus,
658 2453 713 2516 vel
741 2453 849 2540 legato
872 2452 925 2517 rel
948 2451 1050 2516 literis
1073 2466 1214 2517 mentem
1237 2475 1326 2517 suam
1350 2452 1600 2538 Capitularibus

346 2554 534 2641 explicaret,
572 2576 629 2617 sua
665 2576 793 2639 quoque
830 2553 992 2630 interesse,
1029 2576 1070 2616 ne
1107 2554 1179 2638 quis
1215 2553 1403 2640 peregrinus
1441 2553 1599 2641 princeps

347 2654 549 2742 episcopatui
582 2654 774 2741 praeficiatur
807 2667 863 2718 sut
895 2654 1062 2719 cosdiutor
1094 2655 1319 2719 constituatur.
1369 2654 1505 2719 Utinam
1530 2678 1599 2719 non

346 2755 595 2820 excluderemur
628 2754 777 2842 angustia
809 2756 975 2841 temporis,
1008 2768 1088 2840 puta
1121 2777 1196 2818 eum
1223 2777 1292 2820 csse
1316 2755 1468 2819 affectum
1494 2756 1601 2842 Regis

346 2856 410 2920 mei
442 2857 477 2919 in
511 2855 693 2941 Principem
727 2869 819 2919 tuum
855 2878 891 2918 ac
924 2854 1055 2919 domum
1088 2854 1391 2941 Brundeburgicsm,
1418 2871 1456 2920 ut
1479 2856 1600 2920 luben·

346 2958 470 3021 tissime
503 2957 646 3043 legatum
680 2978 775 3019 suum
807 2957 892 3020 istuc
926 2970 1011 3020 esset
1043 2956 1210 3033 missurus,
1244 2956 1300 3043 qui
1333 2978 1374 3020 ex
1401 2956 1540 3020 consilio
1564 2971 1601 3021 et

347 3056 515 3123 commodo
549 3056 711 3144 Principis
740 3055 789 3121 tui
811 3071 928 3121 cuncte
950 3079 1045 3144 agere
1068 3056 1209 3135 deberet,
1232 3081 1302 3144 quae
1324 3070 1457 3143 possent
1478 3057 1599 3121 redun-

347 3161 421 3224 dare
443 3159 476 3221 in
499 3157 620 3221 bonurn
643 3172 676 3222 ct
699 3157 954 3221 emolumenturn
978 3159 1091 3222 domus
1113 3157 1388 3243 Brundeburgicae.
1425 3161 1474 3222 At
1490 3159 1600 3222 brevi·

347 3273 413 3324 tate
446 3258 602 3345 temporis
634 3258 809 3345 impeditus
842 3258 970 3344 scripsit
1003 3257 1156 3344 Capitulo
1189 3272 1395 3343 mentemque
1422 3280 1516 3322 suam
1541 3282 1599 3323 ex·

347 3361 472 3443 plicuit,
507 3382 633 3447 rogans,
666 3372 704 3422 ut
730 3359 762 3422 in
786 3359 945 3423 electione
968 3358 1164 3423 coadiutoris
1186 3374 1220 3423 ct
1242 3358 1364 3423 domini
1385 3358 1436 3422 tui
1459 3370 1494 3423 et
1517 3360 1599 3423 ami·

348 3461 431 3525 citiae
461 3484 535 3524 cum
562 3458 623 3524 hoc
650 3482 750 3544 regno
772 3457 929 3524 heberent
951 3460 1117 3536 rationem,
1141 3460 1237 3524 sicuti
1259 3460 1317 3524 illa
1339 3460 1525 3523 accuratius
1548 3461 1601 3523 in·

348 3562 477 3648 telligcs
510 3584 553 3625 ex
586 3561 737 3625 adiuncto
771 3560 967 3646 exemplari;
995 3561 1104 3624 literas
1129 3583 1206 3625 vero
1229 3561 1316 3647 ipsas
1339 3560 1443 3636 mitto,
1467 3575 1507 3624 ut
1528 3560 1598 3623 illis

348 3676 457 3727 utatur
489 3661 643 3747 Princeps
677 3676 761 3739 tuus,
793 3660 819 3723 si
843 3673 972 3724 etcum
995 3661 1057 3724 sibi
1080 3662 1154 3725 usui
1177 3661 1410 3747 commodoque
1433 3660 1505 3725 sore
1528 3661 1599 3725 exi·

349 3762 530 3827 stimnrerit
542 3764 578 3845 ²).

433 3862 555 3943 Quodsi
582 3885 709 3949 quoque
737 3861 776 3927 de
804 3862 877 3949 ipso
899 3862 1036 3949 negocio
1059 3863 1253 3926 sententiam
1276 3885 1380 3926 meam
1403 3885 1599 3949 expromere

348 3963 472 4041 licebit,
506 3964 733 4029 Serenissimns
766 3964 837 4027 Rex
870 3985 960 4027 meus
993 3986 1083 4050 aequo
1116 3963 1222 4026 animo
1256 3985 1321 4027 non
1353 3963 1508 4049 patietur,
1542 3962 1597 4027 vel

350 4065 557 4131 Pontificium
591 4064 731 4151 aliquem
765 4064 967 4151 episcopatui
1001 4063 1186 4128 Caminensi
1215 4063 1354 4141 obtrudi,
1382 4063 1437 4128 vel
1459 4064 1500 4128 ab
1523 4063 1599 4128 aliis

350 4167 436 4230 ellici
459 4165 609 4252 -quod
637 4166 772 4230 antebac
799 4164 957 4251 agitatum
984 4164 1084 4230 fuisse
1107 4164 1330 4230 intelleximus
1353 4201 1395 4211 ·-
1416 4178 1456 4229 ut
1478 4164 1598 4251 aliquis

349 4268 489 4331 filiorum
511 4266 611 4354 Regis
633 4265 775 4330 Poloniae
796 4265 968 4352 legeretur,
991 4266 1043 4330 vel
1066 4287 1291 4353 quemcunque
1313 4265 1412 4329 ulium
1434 4266 1599 4352 postlata

351 4368 611 4445 Pomeranorum,
638 4367 769 4432 exclusa
790 4367 885 4431 domo
909 4365 1179 4454 Brandeburgicu,
1201 4390 1307 4431 rerum
1332 4366 1372 4430 sd
1394 4365 1486 4429 illem
1507 4389 1596 4430 oram

435 4521 455 4583 ¹)
474 4523 507 4573 Se
525 4523 691 4587 taregtendc
710 4524 780 4573 bret.

434 4604 455 4668 ¹)
474 4608 560 4657 Detta
577 4608 640 4657 bret
657 4610 686 4657 af
704 4608 729 4657 d.
749 4613 763 4656 t
782 4607 849 4656 Juni
866 4607 911 4656 tlll
929 4607 1051 4669 kapitlet
1069 4606 1078 4654 l
1096 4607 1228 4666 Camrntn,
1247 4620 1276 4656 se
1297 4609 1361 4655 1625
1379 4606 1425 4656 trs
1441 4606 1503 4656 Lat
1515 4606 1598 4670 tysks

349 4695 467 4758 registr,
485 4690 535 4741 sid.
557 4695 612 4740 139.
