3288 5330
377 438 440 501 442

334 613 415 667 240.
459 612 658 670 amaseae
681 611 895 680 chsmann,
918 613 1043 670 svensk
1064 613 1217 670 resident
1238 613 1251 668 l
1271 613 1500 684 xonrgsberg.

1120 714 1249 783 Elblnss
1270 715 1304 771 d.
1325 716 1365 771 10
1386 716 1465 772 Jam
1489 716 1570 772 ml.

335 844 406 907 saga
431 844 533 894 honom
560 845 648 894 hellre
671 846 720 896 hos
742 848 784 909 alg
801 850 836 896 tn
855 846 863 895 i
884 844 981 907 Pillau,
999 844 1036 894 dt
1053 845 1108 895 han
1128 845 1153 909 ej
1173 847 1246 896 verit
1267 852 1349 911 trm
1368 848 1377 896 l
1397 847 1570 911 Konlgsbarg,

419 942 482 978 men
508 942 590 978 anser
616 944 651 979 en
677 943 739 979 reae
757 944 792 978 nn
811 927 837 990 ej
856 930 950 987 acken
969 944 1012 978 orn
1032 928 1067 980 ds
1085 930 1253 980 onenariae
1270 930 1489 995 handllngarnaz
1508 934 1571 980 atto·

420 1012 522 1062 demas
549 1013 702 1063 vacklande
729 1012 772 1063 htt
798 1013 849 1063 och
877 1013 930 1071 dit3
958 1014 1052 1063 bettre
1080 1012 1150 1063 dock
1178 1018 1221 1063 att
1238 1014 1274 1077 gb
1290 1016 1361 1065 lram
1381 1016 1444 1065 med
1463 1015 1571 1066 mfldbet

419 1100 455 1147 tn
484 1098 546 1146 med
568 1098 690 1148 hotelser
710 1098 780 1148 aller
806 1111 905 1161 repen,
931 1096 1047 1148 uranos
1073 1097 1105 1148 G.
1132 1098 1220 1147 borda
1246 1100 1411 1151 iremlttmna
1434 1099 1571 1151 kenelmus

419 1181 482 1231 bret
508 1180 553 1231 till
581 1180 834 1245 regementarbden,
861 1182 1014 1232 attenderas.
1038 1181 1090 1232 oeb
1108 1182 1290 1247 Koeigaberg,
1308 1183 1393 1233 eburu
1412 1183 1470 1232 ban
1487 1190 1569 1233 enastt

420 1264 481 1314 dem
501 1263 526 1325 ej
545 1268 660 1329 strange
680 1280 739 1329 neg.

722 1394 850 1460 Nobilis
872 1409 904 1461 et
928 1394 1102 1460 clarissime
1126 1395 1195 1460 Vir.

420 1510 531 1575 Audio
564 1524 596 1575 te
630 1509 733 1576 adbuc
760 1511 886 1587 morari,
913 1535 976 1576 non
1014 1513 1084 1578 sine
1117 1513 1222 1589 taedio,
1254 1513 1288 1576 in
1312 1513 1441 1593 Piliae,
1464 1514 1571 1579 vellem

335 1626 370 1676 te
402 1611 454 1675 hic
488 1634 568 1688 esse,
601 1635 674 1676 curn
709 1612 918 1700 Regiomonti
946 1614 1084 1678 residere
1107 1626 1179 1677 tuto
1202 1636 1267 1678 non
1290 1613 1396 1691 liceat,
1423 1615 1570 1702 siquidem

336 1735 433 1799 opera
464 1712 663 1799 consilioque
697 1727 754 1778 tuo
787 1714 903 1800 saepius
938 1713 1016 1777 mihi
1052 1715 1209 1778 utendum
1245 1714 1338 1790 soret,
1365 1729 1400 1779 et
1425 1717 1571 1802 temporis

334 1812 501 1877 festidium
536 1813 712 1877 amicorum
745 1815 906 1879 consortio
939 1815 1070 1878 levares.
1126 1815 1301 1902 Nunquam
1329 1816 1431 1893 vetui,
1459 1830 1496 1879 nt
1517 1817 1571 1881 bue

336 1914 478 1993 venires3
512 1912 567 1978 sed
601 1914 767 1979 securitati
801 1915 971 2001 salutique
1003 1927 1066 1979 tuae
1096 1929 1302 2003 prospectum
1325 1916 1474 2002 cupiens,
1495 1917 1572 1980 nole

335 2015 419 2090 bam,
453 2028 489 2080 ut
521 2028 554 2080 te
586 2016 619 2079 in
654 2016 728 2080 vitae
755 2039 790 2080 ac
818 2016 977 2081 libertatis
1000 2016 1172 2081 discrimen
1196 2017 1381 2081 coniiceres.
1425 2016 1571 2105 Idemque

335 2116 440 2181 adhue
474 2117 589 2187 sentio.
623 2130 660 2180 ut
694 2130 870 2202 exspectes,
904 2117 1006 2182 donec
1037 2116 1186 2182 velanni
1210 2118 1382 2204 temperies
1405 2118 1459 2182 vel
1481 2117 1572 2204 copie

336 2230 452 2281 nostre
475 2216 535 2281 tibi
558 2230 664 2281 tutum
686 2217 749 2281 iter
770 2218 915 2282 reddant.

419 2317 503 2406 Legi
542 2317 735 2382 documenta
774 2318 853 2382 milri
891 2318 1087 2396 transmisse,
1122 2342 1259 2405 quorum
1294 2332 1415 2406 partem
1453 2320 1571 2385 aliunde

335 2432 500 2504 acceptam
524 2430 597 2483 ante
621 2418 805 2501 viderem¹).
840 2419 938 2483 Miror
958 2418 1126 2483 bominum
1148 2420 1291 2506 ingenie,
1314 2443 1374 2484 nec
1396 2433 1503 2485 temen
1526 2421 1572 2484 de·

337 2518 443 2594 miror,
474 2541 547 2582 curn
576 2534 754 2605 temporum
779 2518 985 2585 difficultates
1009 2534 1043 2585 et
1065 2543 1161 2608 quam
1185 2521 1250 2583 sint
1271 2521 1488 2585 intractabilia
1508 2543 1572 2585 cou-

336 2619 452 2683 sidero.
508 2619 651 2684 Vertunt
683 2643 716 2684 se
749 2621 879 2684 Borussi
912 2622 1012 2685 nostri
1046 2634 1080 2685 et
1105 2622 1224 2686 formas
1247 2622 1350 2685 varias
1372 2620 1521 2698 induunt,
1541 2636 1571 2684 ut

336 2741 430 2783 nemo
462 2734 561 2807 neget
592 2720 666 2784 illos
700 2721 834 2808 polypes
868 2745 977 2808 agere:
1011 2720 1133 2786 bellum
1166 2721 1290 2798 nolunt,
1321 2723 1496 2788 amicitiem
1524 2744 1573 2785 no·

335 2819 460 2884 biscum
493 2834 689 2899 evernantur,
723 2835 757 2886 ct
793 2822 1018 2909 populationes
1052 2821 1246 2886 Polonorurn
1276 2824 1500 2910 impotensque
1522 2823 1573 2886 im·

336 2922 461 3009 perium
483 2920 671 2999 fastidiunt3
694 2922 771 3008 quid
795 2922 897 3008 igitur
919 2924 1047 2999 mirum,
1071 2922 1097 2986 si
1121 2923 1186 2987 sint
1202 2924 1291 3001 varii,
1308 2946 1413 3010 neque
1430 2944 1571 2988 exsensu

336 3022 508 3109 loquantur
541 3021 619 3088 suo?
662 3022 813 3100 Maxime,
847 3024 874 3087 si
908 3023 1077 3109 dijudices,
1111 3040 1191 3110 quot
1218 3037 1418 3111 quantosque
1446 3024 1572 3088 babeant

336 3122 551 3209 instigatores,

421 3224 514 3288 Hanc
547 3223 607 3288 tibi
638 3224 733 3289 video
761 3247 889 3289 causam
912 3224 1086 3302 exstitisse,
1107 3242 1166 3289 cur
1188 3246 1275 3289 meas
1298 3225 1407 3289 literas
1432 3225 1573 3313 Regenti·

338 3325 407 3402 bus,
441 3324 627 3403 Ordinibus,
662 3324 858 3390 Civitatibus
885 3327 1058 3411 separatim
1085 3326 1251 3412 scriptes²)
1274 3325 1416 3390 nolueris
1439 3325 1571 3397 reddere,

337 3426 423 3512 quod
457 3425 628 3516 humanius
655 3426 790 3513 scriptas
816 3426 989 3512 putaveris,
1013 3450 1107 3514 quam
1132 3440 1290 3491 mereatur
1312 3426 1503 3491 inconcinne
1525 3425 1573 3489 ho-

335 3549 406 3590 rum
440 3526 622 3600 insolentia,
655 3526 792 3613 ideoque
826 3526 924 3591 verba
956 3528 1155 3615 temporibus
1186 3528 1366 3615 adaptanda
1387 3550 1466 3593 esse.
1508 3526 1572 3613 Ego

337 3625 466 3713 quidem
495 3650 566 3691 acre
589 3626 751 3712 judicium
775 3640 866 3691 tuum
891 3643 924 3691 et
946 3650 1108 3692 summum
1130 3627 1225 3693 rebus
1247 3627 1363 3692 nostris
1386 3625 1573 3694 inserviendi

338 3727 481 3792 studium
515 3751 578 3792 non
611 3728 773 3814 improb03
807 3729 833 3792 si
867 3741 975 3793 tamen
1009 3729 1086 3816 quid
1118 3729 1152 3792 in
1173 3752 1211 3793 eo
1237 3728 1426 3806 desiderem,
1450 3727 1572 3814 etquid

336 3829 484 3907 sentiam,
519 3842 628 3915 aperte
661 3829 882 3915 perscribsero‚
916 3830 1064 3917 ignosces
1097 3852 1204 3916 quoeso
1227 3844 1260 3894 et
1281 3829 1412 3894 candori
1435 3851 1505 3895 meo
1527 3828 1572 3892 ad·

336 3928 466 3994 scribes.
521 3930 595 3993 Non
629 3947 705 3994 sunt
737 3950 785 3994 res
818 3931 851 3993 in
885 3954 924 3995 eo
951 3944 1036 3995 statu
1061 3930 1174 4007 adbuc,
1196 3953 1302 4016 neque
1324 3931 1372 3994 ita
1394 3953 1429 3995 se
1450 3927 1571 3994 Borussi

337 4053 475 4119 gessere,
498 4042 536 4094 ut
557 4030 640 4094 inita
661 4043 756 4115 pacta
776 4030 990 4096 neutralitatis
1009 4054 1082 4096 curn
1104 4030 1300 4096 Civitatibus
1315 4027 1572 4118 Regiomontanis

338 4131 457 4197 violate
479 4146 535 4195 aut
558 4131 597 4195 ed
620 4145 743 4196 ceteros
765 4131 902 4196 Ordines
925 4155 988 4196 non
1011 4145 1147 4196 extensa
1168 4133 1347 4219 cupiamus.
1387 4130 1420 4194 si
1447 4131 1571 4196 lenitate

338 4244 371 4295 et
402 4230 603 4297 humanitate
630 4246 739 4296 nostre
766 4232 906 4296 hostium
934 4232 1068 4297 consilia
1090 4232 1318 4309 disiecerirnus,
1341 4246 1524 4296 conservata
1545 4242 1573 4294 et

338 4331 471 4396 diducta
502 4332 719 4410 neutralitate,
752 4333 867 4397 melius
901 4346 1007 4398 actum
1042 4333 1173 4420 putabo,
1207 4355 1302 4420 quam
1336 4333 1363 4397 si
1398 4332 1490 4398 armis
1523 4344 1571 4395 aut

337 4433 423 4496 festu
452 4434 620 4498 verborum
647 4434 681 4498 id
704 4433 948 4499 obtinuerimus.
993 4434 1048 4498 Sin
1072 4433 1201 4498 Borussi
1224 4434 1284 4499 hac
1305 4449 1414 4499 nostra
1435 4430 1571 4497 hurnnni·

423 4569 443 4629 Ι)
460 4573 505 4622 dtr
523 4574 605 4622 clvan
625 4573 675 4622 sid.
695 4577 743 4622 ets
762 4578 811 4622 not
830 4570 861 4634 ¹).

422 4651 443 4715 ¹)
462 4656 655 4720 Formodligen
674 4657 723 4706 N:o
743 4660 875 4705 tut-224
895 4659 984 4708 alvan.
