3248 5328
1225 435 1291 501 tta

167 596 238 661 Nos
267 596 424 662 haetenus
445 597 566 662 fluvius
590 596 722 662 Vistula
741 598 902 684 separavit
924 596 1201 680 abboste3nu1a
1224 605 1332 693 glaeie

82 711 253 763 ueneratus
285 698 459 763 trusitnm
491 697 613 785 abique
645 697 811 783 proebabit,
836 720 875 763 aa
897 698 959 763 nisi
981 703 1185 786 tenpmatis
1207 706 1329 773 mitiori

82 799 160 864 flatu
195 799 278 863 hane
311 798 573 865 commoditatem
598 798 751 886 utrinque
776 798 941 886 eripuerit.
969 800 1216 869 *ditationibus
1234 828 1329 873 exer-

82 900 234 986 citiisque
271 899 465 966 militaribus
502 923 611 965 ansam
645 899 807 987 praebebit.
862 899 988 978 Hostis,
1022 904 1192 989 prmitis
1212 906 1330 975 diebus

81 1002 187 1065 missis
221 1001 347 1087 aliquot
378 1001 509 1066 vexillis
540 1023 674 1065 morunt
705 1001 897 1065 cimiterii
920 1001 1214 1091 qupiseupatum
1237 1006 1329 1074 War.

80 1101 249 1178 misnam,
271 1102 410 1166 minutus
433 1116 509 1180 erat,
531 1125 565 1166 re
589 1101 1000 1188 obmaarnm'oppidnlnu
1019 1102 1225 1185 Wormitun,
1239 1111 1328 1195 quod

81 1217 192 1267 nosue
226 1202 375 1289 prasidio
409 1203 472 1267 150
503 1201 645 1267 mffitnn
664 1201 840 1269 tenebatur.
895 1202 1088 1268 Presidiarii
1115 1224 1202 1285 vero,
1230 1211 1330 1276 veriti

80 1305 204 1368 civium
232 1302 470 1391 pontificiorum
493 1301 669 1387 perfidiam,
692 1302 808 1368 urbem
828 1303 987 1369 dederant
1007 1304 1102 1370 hosti.
1145 1306 1219 1396 ugo
1240 1330 1329 1391 vero,

78 1428 120 1469 ne
154 1405 192 1469 id
224 1404 378 1491 exemplo
406 1405 523 1469 astans
548 1404 694 1468 eiusdem
717 1403 844 1491 pavoris
867 1417 961 1481 esset,
984 1427 1110 1471 sumere
1132 1411 1328 1497 supplicium

80 1505 119 1570 de
155 1507 309 1592 μέθαι)
341 1505 455 1592 oppidi
481 1518 515 1568 et
540 1504 709 1592 capitaneo
731 1504 998 1591 praesidiariorum
1017 1507 1111 1590 jussi,
1133 1512 1265 1578 remotis
1288 1514 1327 1578 ab

79 1606 269 1671 muneribus
292 1605 488 1670 militaribus
509 1606 625 1670 ceteris
647 1605 779 1670 minoris
802 1606 998 1671 conditionis
1020 1607 1221 1675 officialibus.

165 1707 218 1771 De
246 1707 396 1772 Electore
424 1706 682 1794 Brandeburgino
705 1720 739 1771 et
761 1706 879 1771 Duoali
901 1706 1064 1771 Bornssiae
1084 1710 1263 1778 scribamus
1287 1736 1326 1778 an

78 1806 225 1873 nesam?
272 1807 346 1872 Rex
376 1830 468 1872 meus
501 1807 665 1894 praeterita
695 1821 809 1872 astate
840 1806 963 1872 obtulit
992 1809 1118 1873 eunetis
1151 1810 1330 1879 Ordinibus

79 1909 240 1974 Bornssiae
274 1924 306 1974 et
338 1907 481 1972 firmavit
518 1923 612 1995 pacta
648 1906 864 1972 neutralitatis
890 1929 964 1972 oum
992 1908 1188 1976 Civitatibus
1211 1913 1328 2002 Regio·

78 2012 252 2075 montanis
285 2011 468 2096 Utrumque
491 2008 659 2095 displicuit
680 2008 881 2085 Electore,
884 2010 1008 2073 serione
1030 2033 1069 2074 an
1085 2010 1245 2090 simulate,
1262 2038 1326 2080 non

76 2112 176 2177 facile
200 2111 333 2176 dixero*
347 2111 385 2194 ¹).
429 2110 539 2175 Etiam
561 2109 660 2174 misso
677 2108 861 2174 oonsiliario
874 2131 934 2173 sno
948 2109 1154 2177 Knesabaaio
1165 2115 1330 2200 preterita

77 2226 189 2278 Μ
213 2212 325 2277 multis
348 2211 546 2298 argumentis
568 2210 648 2277 ursit
670 2210 907 2276 restitutionem
930 2224 1040 2296 portus
1061 2212 1276 2295 Pillaviensis,
1293 2230 1327 2282 et

76 2337 118 2377 ne
155 2314 227 2377 Rex
260 2337 350 2378 meus
377 2310 592 2378 neutralitatis
616 2310 717 2398 pactis
741 2309 948 2397 perficiundis
971 2334 1045 2375 cum
1069 2312 1243 2380 Ordinibus
1266 2317 1326 2381 Bo-

75 2415 189 2478 russiae
215 2414 386 2479 insisteret.
436 2414 637 2500 Responsum
660 2411 735 2487 fuit,
764 2422 892 2497 portum
925 2412 1107 2478 necessario
1129 2432 1324 2503 occupatum

76 2538 138 2580 nee
172 2514 268 2579 rebus
302 2515 347 2579 sio
381 2513 541 2579 stantibus
573 2511 701 2577 restitui
725 2530 833 2598 posse,
859 2523 954 2598 pacta
979 2510 1125 2579 Bornssis
1147 2515 1265 2595 oblata,
1289 2532 1327 2583 ut

76 2616 220 2681 ditiones
257 2614 416 2680 Electoris
453 2614 492 2678 ab
528 2612 639 2677 hostili
672 2612 839 2677 invasione
871 2614 1031 2678 immunes
1065 2629 1180 2681 essent.
1234 2617 1325 2684 Idem

75 2716 299 2782 Kneaebecius
321 2730 396 2804 post
417 2715 593 2780 discessum
616 2712 646 2777 S.
671 2712 708 2778 R.
731 2712 819 2777 Mztis
841 2714 959 2779 iterum
981 2714 1088 2791 rediit,
1112 2731 1145 2781 et
1168 2720 1252 2805 apud
1274 2742 1325 2784 me

74 2820 191 2883 eadem
208 2817 356 2882 mandata
372 2814 532 2903 deposuit,
549 2815 602 2879 eui
620 2828 654 2878 et
665 2814 778 2879 eadem
793 2814 953 2901 respondi,
973 2829 1100 2902 portum
1117 2818 1210 2883 nullo
1227 2820 1322 2885 modo

74 2943 164 2984 nuno
187 2918 317 2984 restitui
340 2939 442 3004 posse,
465 2939 571 3002 neque
595 2928 689 3002 pacta
711 2916 928 2980 neutralitatis
952 2917 1070 3001 urgeri,
1096 2917 1159 2983 nisi
1176 2919 1214 2983 ad
1231 2920 1325 2984 Eleo·

75 3021 160 3085 toris
181 3018 395 3085 commodum.
422 3017 474 3081 lta
485 3016 539 3081 hio
555 3018 596 3080 14
610 3015 686 3080 hine
701 3016 817 3080 diebus
833 3038 851 3080 a
866 3038 918 3081 me
934 3016 1067 3081 domum
1089 3018 1241 3084 remissus
1263 3036 1322 3085 est.

164 3120 319 3185 'Elector
339 3120 400 3184 hoe
424 3142 518 3207 agere
541 3118 671 3181 videtur
692 3117 727 3180 in
749 3117 900 3202 speeiem,
923 3131 960 3181 ut
982 3117 1109 3195 habeat,
1132 3140 1197 3205 qno
1219 3145 1253 3186 se
1270 3143 1327 3186 ex·

73 3234 186 3301 ensem
219 3244 292 3286 nam
326 3220 382 3285 illa
416 3218 636 3284 Knesebecius
672 3240 736 3281 non
764 3217 990 3296 dissimulavit,
1025 3243 1058 3284 se
1081 3221 1171 3298 scire,
1195 3232 1324 3307 portum

44 3346 141 3399 ,non
175 3344 270 3411 posse
296 3320 447 3386 restitui*
456 3321 492 3404 ¹).
541 3318 634 3383 Vitio
657 3317 800 3384 Electori
822 3319 956 3383 datura
980 3319 1120 3398 Polouis,
1144 3323 1328 3409 quodper-

71 3438 145 3489 tum
169 3422 399 3488 Pillavienssm
421 3443 485 3485 non
512 3419 703 3484 custodierit
726 3418 878 3483 adversas
899 3420 1082 3506 ingressum
1105 3422 1136 3485 S.
1159 3422 1196 3486 R.
1220 3423 1324 3502 Mztis3

71 3527 138 3591 sibi
167 3538 276 3590 autem
304 3523 436 3587 minime
459 3520 541 3586 vitio
562 3532 703 3594 vertunt,
727 3520 812 3606 quod
834 3544 894 3586 nec
916 3519 1062 3585 Livonioe
1084 3545 1143 3587 nee
1165 3523 1326 3588 Borussiae

71 3629 314 3715 prospexerint,
347 3647 423 3688 oum
456 3623 585 3687 Elector
611 3621 833 3686 defensionem
861 3634 971 3707 portus
993 3621 1133 3686 tentavit
1154 3624 1324 3689 collocatis

71 3728 119 3793 sui
151 3730 174 3792 4
201 3725 348 3802 navibus,
374 3723 456 3811 ipsis
477 3723 605 3787 interim
629 3736 745 3786 onusta
767 3721 1018 3808 negligentibus.
1063 3722 1159 3788 Nunc
1181 3724 1324 3789 indictus

70 3841 256 3895 conventus
292 3826 451 3891 Ordinum
489 3823 621 3888 Dnaaiis
656 3823 813 3887 Borussiae
845 3836 895 3887 est
927 3823 1144 3909 Regiomonti,
1183 3847 1322 3911 eumque

69 3927 232 3997 celebrari
266 3940 339 3991 ante
374 3926 515 3991 Comitia
547 3924 660 3988 Poloni
695 3922 877 4001 voluerunt,
912 3944 1023 3989 verum
1056 3922 1175 3989 dilatus
1211 3939 1261 3990 est
1283 3926 1326 3990 ob

69 4029 235 4097 Electoris
271 4027 458 4092 absentiam.
514 4026 586 4090 Non
621 4047 735 4111 parum
768 4025 945 4089 commovit
977 4022 1145 4089 Polonum.
1201 4025 1324 4091 Ferunt

69 4133 163 4198 hisce
188 4129 301 4193 diebus
323 4129 395 4213 ejus
416 4127 546 4191 initium
571 4127 702 4202 sactum,
725 4125 780 4189 sed
802 4125 918 4188 iterum
938 4126 1076 4191 dilatum
1092 4126 1132 4190 ad
1148 4126 1323 4192 adventum

69 4231 245 4306 Electoris,
279 4230 363 4318 quod
393 4229 528 4294 Ordines
555 4249 588 4291 se
611 4225 691 4290 certi
714 4224 793 4312 quid
816 4224 975 4290 resolvere
999 4249 1092 4311 posse
1114 4228 1245 4292 absente
1268 4229 1324 4292 do·

69 4335 164 4399 mino
188 4331 379 4418 negarint¹).
407 4329 541 4394 Cuduut
562 4327 676 4392 Poloni
699 4326 845 4403 consilia,
868 4340 902 4389 et
924 4325 1044 4391 habent
1066 4329 1240 4392 nonnullos
1262 4329 1324 4393 Bo·

160 4487 185 4549 ¹)
201 4488 295 4538 Orden
310 4489 386 4537 inum
404 4484 554 4535 astertsker
570 4482 634 4533 mad
653 4482 751 4532 ohlffar
769 4483 777 4530 i
796 4483 954 4545 ortglnaIet.

159 4570 182 4633 ²)
201 4572 252 4622 0111
279 4571 465 4632 landtdagens
492 4570 601 4632 torlopp
624 4567 712 4617 nuder
729 4567 829 4616 hdsten
849 4570 914 4614 1626
932 4566 971 4629 itr
991 4566 1158 4631 handllngar
1178 4567 1187 4615 i
1209 4568 1324 4618 Oxenst.

68 4661 160 4719 sami,
181 4657 283 4707 Polska
300 4656 392 4719 krlgst
410 4655 463 4704 ooh
481 4653 627 4703 Pranssem
645 4651 816 4714 ldrraltning
836 4654 907 4699 1⁶26.
