3298 5346
105 789 188 845 290.
232 789 304 846 ἨΠ
325 791 439 859 (asora
459 789 640 859 Wllhelm,
660 791 839 849 minuata
861 793 901 848 at
918 792 1180 861 Brandsnburg.

878 893 1007 962 meing
1029 893 1063 949 d.
1087 894 1355 950 ultramrano.

106 1104 158 1154 Om
185 1105 363 1169 Pangerwltz’
390 1108 572 1170 orattmatiga
597 1107 763 1171 fangslande
784 1106 836 1156 och
854 1106 1067 1171 qvarhtllande;
1084 1110 1116 1157 A.
1135 1107 1166 1157 0.
1184 1108 1270 1171 begar
1287 1108 1356 1158 hans

191 1188 370 1252 trigttsande,
388 1194 432 1238 att
449 1190 474 1253 ej
493 1190 651 1255 vanskapen
670 1190 732 1240 med
750 1192 951 1254 Brandenbnrg
969 1191 1057 1241 mitte
1076 1192 1187 1242 sabbas.

322 1352 529 1417 Serenissime
551 1352 714 1439 Princeps,
737 1353 878 1418 Domine
900 1353 1147 1442 Benignissime.

191 1502 267 1567 Non
300 1503 422 1579 dnbito,
445 1505 522 1590 quin
547 1506 586 1570 ad
608 1526 700 1569 aures
722 1504 832 1569 Serztis
855 1528 928 1569 vzrae
950 1505 1128 1583 devenerit,
1151 1505 1354 1593 capitaneum

106 1603 363 1689 Pangervitinm,
392 1604 487 1689 jussu
510 1628 605 1669 sacrae
631 1605 742 1692 Regiae
765 1605 852 1669 Mais
879 1606 945 1670 dmi
968 1606 1032 1670 mei
1055 1606 1298 1671 clementissimi
1315 1607 1354 1671 ad

106 1704 249 1768 militem
282 1704 502 1790 colligendum
535 1706 749 1793 Regiomonte
782 1705 963 1793 degentem,
994 1706 1064 1792 ipso
1087 1705 1117 1769 S.
1141 1707 1178 1771 R.
1202 1707 1291 1771 Mais
1313 1730 1355 1772 ex

105 1803 197 1869 hisce
230 1806 293 1869 oris
326 1805 467 1871 discessu
501 1806 652 1871 mandato
675 1805 822 1872 dtnorum
845 1807 1028 1893 Regentum
1051 1808 1208 1872 Bonussiae
1229 1809 1263 1872 in
1286 1808 1356 1871 vin·

106 1905 184 1970 cula
216 1908 398 1991 conjectum
433 1906 521 1972 etin
544 1908 630 1972 hunc
652 1930 754 1994 usque
776 1907 873 1986 diem,
895 1930 946 1972 me
969 1908 1184 1995 nequicquam
1206 1909 1276 1973 eius
1299 1909 1356 1973 eli·

106 2006 307 2071 berssionem
341 2019 485 2093 urgente,
513 2007 724 2092 detentum1).
773 2008 850 2073 Tuli
873 2006 939 2073 haec
962 2008 1104 2094 patiente
1127 2007 1244 2087 animo,
1267 2011 1354 2095 quod

106 2130 181 2196 spes
215 2120 308 2185 esset,
343 2131 417 2173 eum
451 2110 592 2174 adventu
615 2108 724 2173 Sentis
746 2132 820 2173 vnae
842 2108 939 2174 facile
962 2110 1028 2174 suis
1050 2107 1190 2173 vinculis
1212 2110 1354 2174 solutum

105 2209 187 2274 fore.
230 2208 326 2274 Nunc
360 2232 433 2274 cum
465 2209 677 2275 nihilominus
700 2209 872 2275 adstrictus
894 2209 946 2288 sit,
969 2232 1096 2274 causam
1119 2209 1189 2274 eius
1212 2210 1353 2275 officiose

108 2310 394 2375 commendandam
418 2310 511 2375 Senti
533 2333 607 2375 vaae
629 2322 718 2397 puto.

191 2410 253 2474 Est
284 2411 425 2475 servitiis
458 2411 488 2475 S.
523 2411 560 2476 R.
595 2411 682 2475 Mais
715 2410 781 2474 dtni
815 2411 880 2475 mei
903 2411 1062 2490 addictus;
1085 2411 1231 2489 militem,
1254 2411 1355 2476 fretus

108 2510 261 2589 amicitia,
284 2535 355 2598 quae
378 2512 408 2575 S.
431 2513 469 2577 R.
494 2512 566 2576 llzti
588 2534 661 2576 curn
685 2511 783 2576 Sertte
807 2534 874 2575 vzra
900 2511 1080 2589 intercedit,
1104 2525 1138 2576 et
1160 2512 1263 2599 pactis
1278 2536 1355 2578 neu·

108 2611 271 2681 tralitatis.
293 2611 391 2699 idque
409 2614 504 2697 jussu
527 2612 626 2700 Regis
648 2613 710 2676 mei
733 2613 878 2699 collegit,
900 2635 960 2677 nec
983 2612 1143 2678 abstinere
1159 2636 1179 2677 a
1192 2636 1354 2700 quoquam

105 2711 262 2790 monitus,
296 2714 386 2777 utin
413 2737 451 2778 eo
473 2714 564 2778 nulla
585 2714 626 2777 sit
649 2714 718 2779 eius
740 2713 845 2799 culpa.
890 2712 1024 2800 Siquid
1048 2714 1206 2799 peccavit,
1228 2713 1269 2779 de
1291 2737 1355 2801 quo

105 2812 191 2878 mihi
213 2836 278 2878 non
300 2826 435 2891 constat,
458 2814 621 2901 privatum
643 2814 675 2878 id
699 2827 749 2879 est
769 2813 934 2891 delictum,
950 2836 1009 2878 nec
1025 2836 1098 2878 cnm
1115 2813 1253 2879 ludibrio
1269 2814 1300 2879 S.
1316 2816 1353 2879 R.

104 2913 197 2979 Mztis
231 2914 298 2978 drni
329 2916 395 2978 mei
426 2915 672 2995 vindicandum
698 2914 781 2979 nihil
808 2928 915 2979 autem
938 2913 1003 2980 tale
1026 2915 1230 2979 commissum
1252 2915 1354 2980 fuisse

104 3038 149 3079 ex
183 3038 222 3079 eo
244 3028 378 3093 constat,
401 3018 486 3103 quod
508 3018 543 3080 in
566 3016 652 3080 hunc
681 3038 781 3102 usque
804 3016 890 3081 diem
913 3038 1069 3102 nusquam
1093 3038 1221 3080 causam
1245 3016 1353 3081 dicere

106 3114 251 3180 licuerit.

192 3216 246 3280 Me
268 3216 398 3303 quidem
421 3218 544 3281 ratione
567 3219 709 3282 muneris
731 3218 796 3283 mei
819 3229 929 3282 movet
950 3216 1072 3301 injuria
1091 3219 1239 3283 ministro
1253 3217 1353 3305 regio,

106 3317 214 3404 magis
236 3331 344 3382 autem
367 3318 398 3381 S.
421 3318 459 3382 R.
482 3319 552 3383 Mzti
574 3317 636 3383 hoc
658 3318 746 3382 facto
767 3317 868 3395 illata,
891 3340 967 3382 cum
989 3332 1022 3383 et
1044 3318 1137 3383 miles
1153 3318 1354 3403 conscriptus

104 3430 240 3504 sumptu
262 3418 353 3505 regio
376 3441 493 3506 magna
516 3432 605 3506 parte
627 3419 769 3506 dilapsus
792 3418 844 3497 sit,
867 3431 899 3482 et
922 3420 993 3505 ipsa
1011 3418 1222 3484 incarceratio
1237 3432 1270 3483 et
1285 3417 1355 3483 diu·

104 3533 204 3584 tuma
235 3517 381 3584 detentio
414 3519 482 3585 sine
516 3521 584 3584 ulla
616 3543 717 3587 causae
749 3519 945 3604 cognitione,
969 3520 1071 3584 veluti
1094 3542 1137 3584 ex
1163 3532 1353 3606 contemptu

105 3619 264 3707 profecta,
296 3621 437 3684 animum
472 3620 502 3684 S.
525 3621 563 3686 R.
587 3621 675 3685 Mttis
697 3621 804 3685 forsan
827 3621 871 3684 sit
891 3620 1106 3685 vulneratum.
1150 3620 1355 3708 Quapropter

107 3721 246 3786 Sentem
278 3742 377 3784 vzram
412 3720 642 3785 officiosissime
675 3744 763 3807 rogo,
794 3734 831 3784 ut
863 3735 898 3784 et
932 3720 962 3784 S.
996 3721 1034 3784 R.
1058 3721 1144 3784 Mais
1168 3721 1354 3786 amicissimi

105 3821 213 3886 affinis
235 3822 285 3885 sui
309 3834 342 3885 et
363 3821 545 3886 innocentia
568 3822 766 3907 Pangcrvitii
794 3820 905 3886 habita
930 3821 1065 3897 ratione,
1089 3820 1175 3885 hunc
1198 3824 1263 3886 suis
1285 3823 1354 3885 vin·

105 3921 192 3988 culis
225 3934 413 4008 exemptum
446 3936 480 3986 et
513 3922 656 3986 libertati
690 3935 722 3987 et
754 3922 896 3987 servitiis
929 3921 1028 4008 regiis
1049 3921 1230 4000 restituere,
1254 3935 1354 4008 utque

104 4024 171 4110 ipsi
204 4022 351 4101 satisfiat,
370 4022 485 4107 jubere
508 4023 596 4087 velit.
640 4022 678 4088 Id
701 4036 734 4087 et
756 4046 881 4088 summa
903 4022 1054 4110 aequitate
1077 4022 1201 4101 nititur,
1225 4037 1258 4088 et
1279 4045 1355 4087 con·

104 4124 199 4188 venit
231 4139 353 4187 mutuae
386 4124 549 4205 amicitiae;
583 4146 647 4210 qua
680 4123 839 4210 neglecta,
873 4146 957 4209 saepe
991 4147 1034 4189 ex
1056 4124 1163 4210 parvis
1186 4122 1354 4210 principiis

106 4246 228 4312 magna
259 4224 409 4289 incendia
443 4225 597 4312 consequi
630 4224 745 4302 solent,
783 4238 821 4288 ut
858 4224 990 4289 minime
1027 4224 1182 4300 dubitem,
1220 4224 1352 4288 Serztem

106 4349 208 4390 vzram
231 4323 320 4389 hisce
342 4326 574 4411 praeveniendis
598 4340 748 4411 prompto
771 4325 878 4389 animo
900 4338 1032 4389 cunctas
1055 4323 1240 4410 suspicandi
1263 4347 1355 4390 occa·

109 4427 216 4492 aiones
239 4426 451 4513 abrupturam
473 4449 550 4491 esse.

191 4649 212 4712 ¹)
231 4650 281 4700 Ona
300 4651 471 4711 Pangerwlta
487 4648 525 4712 itr
542 4649 626 4698 oiran
643 4649 694 4698 Nto
712 4651 770 4709 211,
788 4651 845 4706 219,
864 4650 912 4695 222
931 4660 965 4695 m.
984 4646 1010 4694 fl.
