3212 5352
1206 398 1265 460 211

11 560 13 653 l
67 567 93 615 ai
107 565 325 616 Bikskansiern:
347 567 459 617 »Denuo
476 567 618 617 memorial
636 572 741 629 samptt
756 566 964 617 mositiiandhe
976 567 1155 617 condiciones
1167 568 1311 619 behoffues

67 650 138 699 inted
156 654 202 699 att
219 651 367 714 mehler.»

67 1122 130 1177 103.
173 1122 245 1177 'rm
267 1124 372 1180 Furat
394 1123 473 1180 cnr.
496 1123 677 1180 Radaiwil.
880 1123 967 1192 nga
989 1123 1022 1179 d.
1045 1125 1090 1179 80
1113 1123 1192 1180 Okt.
1216 1125 1308 1181 1025.

69 1336 106 1385 Da
129 1337 226 1387 Ultich
254 1338 292 1401 pi
318 1338 361 1388 sin
387 1344 497 1388 senate
524 1338 708 1400 beskiekning
734 1338 759 1401 ej
787 1337 902 1388 achillit
924 1337 1067 1386 bestamdt
1083 1352 1147 1387 svar
1165 1339 1309 1400 augiense

143 1421 320 1485 fingabytct
338 1421 468 1472 strandoe
486 1422 542 1472 han
560 1427 595 1471 an
613 1436 647 1471 en
667 1422 739 1486 gtng
757 1424 768 1472 i
785 1436 888 1472 samma
907 1421 1019 1470 arande.

484 1585 705 1650 illustrissime
728 1583 889 1672 Princeps.

145 1701 230 1766 Sunt
251 1702 286 1765 in
308 1701 410 1766 literis
432 1701 663 1789 Illust[ritatis]
685 1716 797 1766 vestrae
808 1702 845 1784 ¹),
867 1724 938 1787 quae
959 1715 1049 1766 tanta
1065 1701 1307 1768 adseveratione

70 1801 158 1866 statui
186 1802 338 1866 demiror.
389 1802 510 1866 Verum
533 1824 607 1866 curn
629 1802 691 1867 hoo
715 1825 874 1866 armorum
897 1824 1015 1887 genere
1038 1802 1124 1867 finiri
1147 1818 1309 1889 nequeant

71 1904 287 1967 controversiae
325 1916 450 1980 uostrae,
483 1917 517 1967 et
548 1904 695 1989 ineptum
729 1901 771 1965 sit
803 1903 943 1989 vanique
977 1903 1075 1967 animi
1109 1927 1182 1967 cum
1216 1904 1308 1969 hoste

71 2002 228 2068 verborum
264 2004 384 2068 aculeis
414 2005 588 2081 decertare,
612 2003 665 2068 hic
688 2004 838 2089 equidem
861 2003 1009 2068 subsisto.
1054 2008 1102 2067 At
1124 2026 1198 2068 cum
1222 2004 1308 2071 able·

11 2116 12 2189 i
71 2116 155 2187 gatus
187 2127 282 2168 meus
308 2105 377 2169 sine
405 2117 493 2169 certo
514 2126 669 2191 responso
692 2105 732 2168 de
755 2104 956 2189 captivorum
979 2105 1170 2168 nostratium
1192 2104 1307 2171 libera·

70 2202 149 2267 tione
173 2205 316 2279 redierit,
339 2227 397 2268 nee
421 2205 501 2268 certi
524 2205 600 2291 quid
623 2204 663 2269 de
686 2205 781 2269 modo
803 2204 1061 2269 redimendorum
1084 2227 1203 2281 eorum,
1227 2229 1307 2293 quos

70 2303 101 2366 in
127 2305 272 2370 futurum
299 2306 372 2392 capi
394 2305 578 2393 contigerit,
601 2306 759 2382 statuerit,
782 2306 889 2369 risum
913 2318 961 2369 est
983 2305 1131 2382 eundem,
1154 2306 1204 2369 uti
1226 2306 1307 2372 Ill:ti

11 2416 12 2431 ¹
72 2417 170 2469 vestrae
203 2405 421 2483 notissimum,
454 2406 596 2470 nobilem
630 2419 726 2492 atque
753 2405 962 2492 spectabilem
989 2406 1099 2470 dmum
1123 2406 1306 2472 iohannem

11 2536 12 2547 2
73 2504 251 2571 Udalricum
275 2506 315 2571 de
338 2506 431 2582 Riiel,
455 2506 485 2570 S.
508 2508 545 2571 R.
569 2505 658 2571 Mztis
675 2506 893 2571 consiliarium
910 2506 1061 2584 aulicum,
1077 2507 1307 2594 consulemque

72 2619 100 2668 et
118 2607 286 2691 syndicum
310 2606 452 2670 civitatis
475 2607 572 2695 regiae
595 2607 754 2694 Rigensis‚
777 2608 816 2671 de
838 2630 923 2671 novo
946 2607 985 2671 ad
1008 2630 1065 2671 vos
1089 2607 1248 2695 ablegare,
1271 2623 1308 2674 ut

73 2706 106 2770 de
135 2721 271 2794 utroque
301 2722 421 2773 certam
444 2707 544 2771 animi
566 2708 665 2771 vestri
688 2707 882 2772 sententiam
905 2706 1069 2794 exquirat3
1093 2708 1184 2794 sique
1207 2711 1308 2795 capti·

73 2805 112 2869 vis
141 2809 173 2871 in
200 2811 350 2873 futurum
379 2809 486 2871 minus
509 2808 649 2895 prospici
672 2830 801 2872 necesse
825 2822 918 2894 putet
939 2808 1041 2872 lll:tas
1064 2822 1178 2886 vestra,
1201 2822 1238 2873 ut
1259 2810 1307 2873 ni·

73 2905 234 2972 hilominus
267 2909 318 2988 iis,
352 2909 409 2994 qui
442 2931 527 2973 nunc
560 2920 714 2972 tenentur
746 2908 877 2994 captivi,
911 2931 983 2994 spes
1015 2932 1079 2972 suae
1106 2909 1306 2974 liberationis

74 3008 214 3096 affulgeat
248 3009 301 3073 vel
334 3010 572 3097 permutatione
607 3021 672 3086 aut,
702 3008 729 3072 si
751 3021 905 3073 vestrates
928 3022 994 3073 tam
1016 3008 1076 3072 vili
1098 3011 1304 3089 estimantur,

73 3106 295 3174 interveniente
329 3110 422 3195 lytro.
478 3110 526 3174 De
555 3108 605 3173 his
632 3108 760 3173 uberius
783 3124 858 3197 aget
880 3108 985 3173 dietus
1008 3108 1101 3172 dznus
1125 3111 1305 3189 Udalrious,

75 3230 154 3293 quem
188 3226 222 3275 et
257 3210 415 3275 benevole
449 3208 551 3275 audiri
586 3209 625 3273 ab
658 3210 744 3273 Ill:te
778 3223 884 3274 vestra
910 3224 944 3273 et
965 3211 1157 3294 quantocius
1180 3211 1305 3276 salvum

74 3312 179 3376 remitti
211 3312 299 3375 bono
332 3334 406 3376 eum
433 3334 587 3396 responso
613 3333 789 3395 speramus,
817 3309 930 3375 confisi
957 3309 1050 3374 illum
1074 3312 1106 3373 vi
1129 3310 1209 3374 salvi
1232 3334 1306 3375 con·

75 3408 185 3487 ductus,
219 3412 381 3499 prioribus
414 3411 516 3476 literis
549 3410 662 3474 vestris
692 3411 846 3487 concessi,
869 3425 902 3475 et
923 3410 1117 3475 inviolatum
1141 3412 1225 3496 apud
1249 3433 1306 3475 vos

79 3566 262 3575 *M*

671 3620 693 3664 9.

146 3719 282 3769 Tenentur
308 3731 417 3782 quoque
439 3717 515 3767 hisce
538 3720 630 3781 pactis
648 3716 814 3779 Respublica
832 3718 935 3767 Polona
954 3732 1102 3780 omnesque
1121 3719 1257 3768 exereitus
1277 3725 1306 3767 et

76 3800 148 3861 copia
173 3803 309 3852 militares
337 3803 372 3851 ad
400 3800 605 3864 Rempublieam
632 3801 814 3864 pertinentes,
841 3803 899 3851 aire
927 3804 1047 3864 supremi
1071 3803 1207 3852 exereitus
1227 3802 1305 3851 ducis

77 3881 122 3931 sire
146 3887 284 3937 interioris
312 3891 359 3936 aut
386 3887 482 3935 horum
509 3886 655 3934 substituti
678 3886 763 3935 ductu
785 3892 930 3948 regentum
951 3887 1007 3936 imo
1029 3887 1088 3950 ipse
1106 3886 1164 3934 Rex
1182 3890 1230 3934 aut
1247 3888 1305 3947 qui·

11 4020 12 4037 3
76 3979 167 4031 cunque
184 3972 243 4020 eius
261 3972 371 4020 nomine
390 3984 419 4019 se
437 3969 519 4019 bellis
537 3971 638 4019 nostris
656 3970 837 4019 immiscuerit
857 3970 930 4019 hisce
949 3970 1039 4032 pactis
1057 3974 1193 4019 teneatur.

664 4107 702 4151 10.

146 4203 208 4267 Ipsa
230 4210 324 4253 autem
350 4210 454 4267 punctu
477 4205 651 4253 ratificentur
669 4204 705 4252 ab
725 4205 866 4268 utriusque
885 4205 974 4267 partis
992 4204 1061 4252 duae
1081 4204 1225 4260 exercitus,
1244 4215 1305 4251 cunr

77 4289 204 4345 sponsione
222 4294 339 4338 caeteros
357 4302 451 4338 omnes
469 4288 567 4338 iisdem
585 4289 675 4338 teneri
693 4291 722 4336 et
738 4291 835 4336 sancte
854 4301 962 4336 serrare
982 4287 1092 4354 debere.

147 4405 221 4454 Eiter
249 4406 442 4469 egenhandigt
467 4405 589 4468 koncept
616 4410 688 4455 samt
713 4404 917 4468 manuskriptst
943 4404 987 4454 till
1017 4406 1103 4454 ‚Aeta
1129 4408 1150 4452 tr
1176 4400 1303 4455 Literaea

79 4481 288 4539 bissustabellen
307 4489 407 4538 endast
425 4488 434 4536 i
453 4489 502 4538 det
520 4488 698 4539 sistnamnda.

149 4602 166 4665 ¹)
192 4609 226 4657 Af
243 4608 269 4656 d.
290 4610 304 4655 6
324 4606 392 4655 Nor.
410 4621 435 4655 a.
454 4610 495 4665 at,
514 4606 610 4669 tryckt
626 4606 636 4654 i
657 4608 743 4655 ’Aeta
760 4608 782 4654 iz
799 4606 925 4655 Literaes.

1363 4340 1375 4367 l
