3288 5330
310 364 372 426 472

266 527 412 614 ,publicis
444 525 643 592 utilitatibus
677 540 771 590 erunt
803 525 1028 605 condonanda;
1061 525 1238 610 eademque
1261 524 1414 610 aequitate
1438 523 1526 588 alios

268 629 366 694 decet
397 628 432 692 in
464 626 646 692 actionibus
675 626 835 711 rebusque
858 625 975 690 nostris
997 624 1215 709 dijudicandis
1238 624 1296 703 uti,
1320 625 1439 711 quibus
1460 648 1525 689 nos

271 729 322 794 uti
343 729 458 793 volunt
479 728 514 791 in
536 728 604 791 suis
626 725 850 813 ponderandis,
874 749 947 790 cum
971 726 1062 790 nobis
1085 749 1148 789 non
1171 740 1266 811 portu
1283 749 1349 789 uno
1365 726 1524 803 alterove,

270 831 326 895 sed
361 827 562 893 commerciis
595 850 668 891 cum
702 827 837 913 integris
870 826 1023 914 gentibus
1056 850 1093 891 sc
1115 825 1251 891 dimidia
1272 826 1409 912 Europae
1430 841 1522 913 perte

270 930 518 1008 interdixerint;
551 952 615 1015 quo
645 928 719 1012 jure
754 950 856 1013 quave
888 926 1018 1011 injuria,
1054 949 1162 990 meum
1196 927 1257 991 hoc
1289 925 1362 992 loco
1383 951 1450 991 non
1474 941 1525 993 cst

244 1031 434 1111 ,disserere

358 1137 406 1195 At
438 1128 679 1217 quodquidam
703 1128 927 1215 prudentiores
949 1144 1145 1215 praepostero
1168 1142 1256 1193 metu
1280 1126 1526 1207 exhorrescant,

273 1257 314 1297 ne
354 1232 509 1296 *Poloni'
544 1252 577 1294 se
610 1232 729 1294 arctius
762 1253 848 1293 cum*
870 1230 986 1294 'domo
1018 1229 1210 1294 Austriaca*
1244 1231 1456 1315 coniungant,
1489 1246 1524 1295 et

275 1333 427 1420 'Belgis‘
457 1333 496 1396 ad
519 1344 667 1419 rogatum
692 1344 725 1394 et
748 1329 1020 1394 *satisfactionem
1043 1329 1181 1417 Hispani
1205 1330 1408 1394 commerciis
1431 1330 1528 1395 Polo·

275 1433 359 1499 nicia
381 1432 596 1498 interdicant*
611 1432 647 1514 ¹),
676 1431 816 1518 produnt
841 1430 891 1494 illi
914 1453 959 1506 se,
982 1453 1078 1517 quam
1100 1429 1184 1494 nihil
1205 1452 1311 1495 rerum
1334 1453 1528 1518 morumque

276 1534 504 1598 Polonieorum
518 1532 715 1619 intelligant.
743 1531 874 1596 Etenim
892 1531 1056 1608 'Polonia
1073 1554 1207 1617 regnum
1222 1530 1528 1609 mediterraneum',

276 1637 368 1700 ferax
402 1634 572 1723 'frugum'
585 1634 613 1716 ²)
646 1646 679 1698 et
711 1646 796 1697 terra
828 1633 1039 1703 nascentium.
1073 1632 1172 1696 nullis
1207 1633 1390 1710 *urbibus‘,
1425 1633 1530 1697 nullis

277 1734 481 1821 *emporiis*,
515 1733 613 1798 nullis
643 1732 782 1818 opificiis
805 1732 967 1796 artibusve
990 1732 1163 1796 manuariis
1186 1733 1324 1806 celebre,
1348 1733 1454 1798 'binis
1477 1757 1528 1798 or·

276 1834 416 1911 dinibus,
454 1834 683 1899 Ecclesiastico
710 1846 743 1897 et
765 1832 937 1919 Equestri*
949 1833 987 1915 ⁸),
1009 1831 1154 1918 utrisque
1178 1833 1279 1897 *luxu
1301 1832 1530 1899 diffluentibus

277 1936 455 2019 nobilest),
488 1934 551 1999 nisi
586 1935 716 2021 'fruges
749 1934 956 2018 mercesque*
987 1956 1060 1997 suas
1083 1955 1201 2020 magno
1225 1934 1329 2018 pretio
1351 1936 1531 2020 quotannis

277 2035 465 2103 distraxerit
486 2051 519 2100 et
539 2035 703 2122 egesserit,
719 2034 757 2098 ed
776 2035 953 2098 'summam
968 2034 1130 2119 inopiam'
1147 2047 1213 2097 tarn
1229 2035 1476 2099 'nummorum'
1489 2036 1528 2119 ⁶),

279 2161 374 2225 quam
406 2137 552 2202 'rerum'
576 2136 721 2200 omnium
745 2135 902 2223 adigetur.
948 2135 1111 2223 Congesta
1133 2135 1220 2198 enim
1243 2134 1407 2200 frumenta
1430 2137 1531 2201 unius

278 2239 453 2304 alteriusve
487 2237 572 2313 anni,
606 2259 670 2301 non
703 2250 829 2322 reperto
863 2249 1018 2322 emptore,
1052 2250 1299 2323 corrumpentur
1325 2260 1400 2300 cum
1423 2238 1533 2304 exitio

278 2362 507 2429 possessorum,
531 2351 588 2402 aut
609 2337 667 2401 vili
691 2337 805 2424 pretio,
828 2338 914 2423 quod
936 2352 1084 2423 sumptus
1099 2359 1162 2400 non
1179 2337 1336 2423 adaequet,
1351 2337 1530 2404 divenden·

280 2456 348 2520 tur;
381 2440 470 2505 bisce
503 2461 580 2503 vero
613 2438 814 2524 singulorum
836 2437 961 2502 damnis
984 2436 1192 2501 resarciendis
1214 2459 1254 2500 ne
1278 2438 1408 2523 quidem
1432 2462 1533 2503 omne

282 2563 395 2605 aurum
419 2552 653 2626 argentumque
677 2538 857 2602 Peruanum
880 2536 1050 2602 sufficeret.

366 2640 436 2705 Nec
470 2654 528 2718 est,
562 2639 648 2725 quod
683 2638 755 2724 quis
788 2654 946 2715 vereatur,
981 2659 1021 2701 ne
1053 2638 1094 2700 de
1128 2636 1216 2701 hisce
1250 2640 1423 2704 conveniat
1446 2641 1534 2706 inter

283 2741 488 2828 *Hispanum
514 2739 766 2826 Polonumque'.
795 2738 966 2803 Crederem
988 2738 1075 2802 enim
1098 2739 1282 2825 negocium,
1298 2739 1377 2803 licet
1393 2741 1532 2807 difficul-

281 2843 404 2909 tatibus
437 2841 650 2927 implicatum‚
685 2854 792 2904 tamen
824 2861 917 2925 posse
950 2840 992 2903 ob
1026 2839 1166 2925 partium
1189 2839 1331 2904 studium
1354 2840 1476 2907 deduci
1497 2844 1531 2907 in

283 2943 449 3019 effectum,
482 2953 515 3004 et
540 2938 607 3004 baec
629 2939 833 3005 incommoda
852 2941 929 3005 ferri
954 2941 993 3004 ad
1016 2940 1170 3025 exiguum
1194 2956 1332 3025 tempus,
1355 2942 1382 3005 si
1407 2942 1531 3029 *Regi*

284 3067 358 3109 eum
376 3042 485 3129 'Rege
501 3064 552 3105 res
572 3042 686 3106 esset'.
724 3046 771 3105 At
787 3040 1050 3127 *Reipublicae*,
1067 3039 1127 3104 boo
1143 3054 1193 3104 est
1208 3040 1338 3105 'bestiae
1353 3043 1532 3109 multorum

283 3143 460 3232 capitum',
484 3141 554 3205 eliae
576 3156 654 3206 sunt
667 3142 818 3217 rationes,
834 3163 909 3205 curn
925 3142 1021 3227 pauci
1036 3141 1070 3204 in
1086 3140 1145 3205 hac
1163 3141 1318 3205 *salutem
1334 3143 1535 3227 publicam',

284 3245 431 3334 plerique
466 3243 627 3328 ’privatas
661 3243 769 3329 opes*,
804 3242 936 3328 plurimi
964 3243 1098 3307 'luxum
1120 3242 1235 3306 suum*
1258 3258 1418 3329 spectent.
1464 3246 1534 3311 Nec

285 3370 374 3433 teque
397 3344 542 3431 proclive
565 3344 608 3407 sit
629 3343 668 3406 ab
691 3343 886 3408 luxuriantis
909 3343 1046 3408 fortunae
1069 3343 1237 3430 splendore
1260 3356 1293 3407 et
1307 3343 1537 3431 voluptatibus

285 3448 326 3512 ad
357 3446 501 3531 inopiam
531 3457 564 3509 et
586 3443 752 3531 angustias
774 3443 913 3522 detrudi,
936 3466 1031 3530 quam
1055 3457 1104 3508 est
1121 3444 1305 3526 jucundum
1329 3469 1347 3509 a
1371 3445 1537 3513 laboribus

285 3548 326 3614 ad
359 3547 435 3621 otia,
460 3570 477 3608 a
500 3558 689 3631 paupertate
713 3544 752 3608 ad
775 3545 907 3608 divitias
929 3545 1057 3609 deferri.
1102 3544 1176 3608 Non
1199 3560 1335 3629 possunt
1358 3545 1486 3624 Poloni,
1509 3548 1536 3613 si

285 3648 427 3713 maxime
464 3645 578 3723 velint,
615 3669 738 3710 merces
774 3668 847 3710 suas
885 3645 1051 3710 adservare
1088 3646 1123 3708 in
1160 3646 1284 3731 aliquot
1321 3669 1432 3724 annos,
1472 3648 1535 3713 nisi

285 3748 400 3814 lethali
422 3747 611 3834 aegritudine
634 3746 859 3811 contabescere
883 3747 995 3825 velint,
1017 3748 1151 3834 perinde
1174 3770 1210 3811 ac
1226 3769 1341 3834 corpus
1356 3747 1536 3813 humanum

285 3850 353 3915 frui
391 3871 542 3935 prospera
573 3848 759 3912 valetudine
792 3848 915 3935 nequit,
947 3848 1011 3912 nisi
1044 3870 1133 3911 venae
1166 3848 1308 3913 sectione
1341 3850 1535 3935 sanguinem

287 3951 483 4036 superfluum
517 3972 553 4013 aa
588 3948 800 4014 ebullientem
835 3949 957 4027 mittat;
980 3972 1038 4013 nec
1062 3949 1205 4033 proderit
1228 3948 1328 4035 magis
1350 3972 1452 4035 regno
1476 3949 1534 4012 Po·

371 4070 391 4132 ¹)
410 4073 533 4122 chiffsrn
560 4073 570 4120 l
596 4070 745 4132 originalet
771 4072 966 4133 oiullstandlgt
997 4072 1052 4119 lbst
1069 4070 1132 4119 med
1153 4069 1392 4133 ›satusacisadan
1411 4071 1537 4137 Hispana

287 4159 440 4206 commercia
458 4155 650 4205 interdicant».

371 4236 392 4299 ‘)
412 4240 535 4290 Ohlffern
554 4241 564 4287 t
582 4239 731 4302 originalet
746 4241 804 4289 lbst
820 4238 883 4288 med
904 4238 1074 4300 »sumentia

371 4321 393 4385 ³)
411 4323 533 4373 Ohlffern
559 4325 570 4373 1
588 4323 737 4386 orlginalet
754 4323 870 4384 orlktigt
886 4324 943 4372 ldst
960 4323 1023 4372 med
1044 4323 1177 4372 ’mestas
1194 4322 1342 4382 ordinibus,
1362 4323 1532 4374 molossus·

286 4424 377 4458 coram
395 4411 422 4456 st
440 4406 603 4456 Nobilium».

372 4486 394 4551 ⁴)
413 4490 534 4540 curnem
552 4493 562 4540 l
580 4493 729 4555 originelat
746 4491 863 4552 orlktlgt
879 4492 936 4539 lost
954 4490 1016 4539 med
1037 4490 1204 4540 >meditata

373 4571 394 4636 ⁵)
413 4574 533 4624 Obtffern
552 4576 561 4623 i
580 4577 729 4639 originalet
746 4577 803 4624 lost
820 4575 884 4624 med
905 4589 1045 4625 »rammam
1059 4576 1205 4638 petrariam
1222 4578 1279 4623 tana
1292 4576 1439 4640 pecasse».
