3212 5352
328 466 389 529 162

285 645 448 696 constaret
469 653 531 694 non
555 629 694 694 multum
717 629 841 694 moveri
864 630 979 695 amissa
994 629 1143 707 Livonis,
1167 629 1252 717 quod
1268 629 1359 694 illam
1376 644 1413 695 ut
1427 644 1530 694 rasta·

285 744 351 799 tam
374 744 408 796 et
429 730 540 795 orbam
562 730 686 795 cultore
709 752 767 816 pro
789 730 944 795 derelicto
968 729 1110 807 haberet,
1132 753 1253 818 speque
1276 731 1347 795 eius
1368 753 1435 794 non
1449 730 1530 795 diffi-

285 992 343 1040 bat.
382 990 422 1037 Ac
448 987 471 1036 sl
498 985 559 1049 quis
581 986 619 1046 id,
637 985 712 1049 quod
729 1000 773 1036 res
792 990 843 1043 est,
861 986 944 1036 iatsrl
963 985 1040 1047 velit,
1056 986 1146 1035 mults
1163 993 1242 1036 eraut
1259 987 1420 1050 gravissima
1438 986 1530 1036 obste-

285 1075 349 1124 cula
375 1072 494 1131 sublata,
520 1070 700 1120 directionem
728 1070 798 1120 belli
823 1070 897 1133 Rege
924 1070 1021 1120 Dsnle
1047 1072 1077 1119 in
1102 1085 1132 1120 se
1154 1072 1333 1134 suscipiente.
1373 1070 1440 1128 Qun
1458 1073 1530 1121 enim

285 1157 430 1208 consilinm
453 1156 478 1204 S.
503 1154 532 1203 R.
551 1153 624 1203 iiztis
642 1156 815 1217 potissimum
834 1154 1045 1205 remorsbantur
1062 1160 1091 1204 et
1108 1160 1213 1204 ceteros
1232 1157 1335 1205 amicos
1352 1156 1447 1219 specis
1465 1169 1530 1219 qua·

285 1243 349 1292 dam
367 1239 601 1304 impossibilitatis
620 1238 812 1288 deterrebant:
829 1243 953 1302 sumptus
971 1238 1067 1288 bellici
1084 1241 1114 1289 in
1131 1245 1305 1289 antecessum
1324 1238 1411 1288 dandi
1429 1243 1460 1288 et
1472 1252 1532 1302 por·

284 1330 330 1376 tna
348 1338 381 1374 ac
398 1324 527 1373 civitstsa
545 1323 690 1372 maritime
708 1322 853 1371 tradendte
871 1322 973 1371 -iiis
991 1323 1019 1371 in
1038 1322 1112 1385 Rege
1130 1323 1227 1373 Dsniss
1245 1324 1324 1372 nulls
1341 1328 1431 1372 erant.
1467 1322 1532 1386 Sup-

284 1409 401 1474 petebat
427 1409 501 1457 enlm
528 1407 647 1470 pecunia
673 1407 804 1456 diuturna
831 1421 900 1469 pace
926 1409 1075 1466 cumulata,
1102 1413 1131 1457 et
1152 1420 1266 1469 regnum
1289 1408 1385 1470 lpslus,
1402 1407 1531 1456 Saxonis

285 1494 401 1551 confine,
427 1492 496 1541 itum
523 1491 696 1554 reditumque
722 1491 835 1540 iacllem
863 1490 1013 1553 prebebst.
1057 1492 1183 1541 Accessit
1207 1505 1313 1541 summa
1339 1492 1477 1540 securitas
1497 1504 1532 1539 er

285 1577 360 1629 omni
382 1581 471 1641 parte,
490 1589 551 1624 cum
570 1576 640 1624 merl
657 1589 713 1624 non
732 1576 822 1637 possit
839 1574 957 1635 turbari,
974 1580 1004 1625 et
1020 1580 1127 1625 certam
1144 1575 1200 1625 sibi
1217 1574 1283 1624 hinc
1302 1576 1457 1624 amicitiam
1474 1589 1532 1638 pro·

285 1664 396 1713 mittere
423 1664 517 1724 queat,
540 1664 571 1708 ut
592 1658 708 1717 hostem,
726 1672 806 1721 quem
825 1664 974 1719 vereretur,
992 1661 1118 1722 nuspiam
1137 1674 1218 1724 quum
1238 1674 1255 1709 a
1271 1660 1366 1709 monte
1384 1658 1531 1708 habiturus

284 1751 367 1797 esset.
411 1744 560 1793 Nobiscum
587 1748 689 1791 cuncte
716 1756 745 1793 se
772 1755 851 1792 secus
874 1742 1029 1801 habebant;
1056 1744 1175 1807 ideoque
1194 1744 1219 1792 S.
1242 1743 1271 1791 ii.
1290 1744 1371 1793 biztas
1390 1759 1447 1793 non
1465 1743 1530 1792 tulit

285 1845 358 1895 tegre
383 1830 456 1879 bano
483 1827 616 1890 propositi
644 1825 686 1876 sui
710 1828 890 1876 mutationem
912 1827 1100 1891 improvisam
1123 1830 1198 1891 quin,
1216 1834 1293 1878 mota
1310 1827 1455 1890 predictis
1474 1841 1532 1890 gra·

284 1916 411 1965 sissimus
438 1912 600 1969 rationibus,
627 1911 656 1960 id
683 1912 771 1973 ipsum
799 1911 889 1960 literis
916 1911 951 1961 sd
979 1912 1080 1973 Regem
1108 1911 1204 1962 Dorias
1226 1914 1339 1975 scriptia
1361 1916 1470 1963 testata
1486 1914 1532 1969 sit,

285 1998 403 2049 eundem
430 1994 568 2047 hortando
596 1995 631 2043 sd
658 1994 711 2043 hoc
737 1996 860 2045 selutare
887 1997 1030 2059 negocium
1057 1995 1286 2059 persequendum,
1312 1997 1396 2044 simul
1423 2009 1531 2059 quoqne

284 2082 477 2133 laborantibus
506 2080 602 2129 amicis
632 2079 800 2141 gratulsndo
829 2084 859 2128 et
887 2082 977 2143 ceptis
1007 2079 1118 2130 ielioem
1148 2093 1303 2129 successum
1330 2094 1347 2129 s
1374 2080 1434 2129 Deo
1461 2093 1532 2129 com·

285 2165 436 2230 precando.

369 2249 483 2299 Interim
502 2248 627 2297 deiertur
645 2246 681 2294 ad
699 2260 749 2296 nos
767 2249 937 2310 privatorum
956 2248 1094 2298 bominum
1114 2249 1214 2308 litoris,
1232 2248 1330 2311 Regem
1350 2248 1459 2312 Magne
1475 2249 1531 2298 Bri·

285 2333 389 2384 tanniss
412 2333 484 2382 diem
507 2332 593 2393 Hagae
611 2330 726 2380 Comitis
745 2331 848 2380 dixisse
866 2334 898 2379 20
917 2328 1051 2394 April[is].
1069 2337 1101 2382 ut
1118 2332 1176 2381 illlc
1194 2332 1279 2396 legati
1297 2346 1393 2394 regum
1412 2336 1443 2382 et
1459 2334 1532 2396 prin·

285 2421 375 2482 cipum
403 2417 583 2466 convenirent
610 2420 700 2464 actum
724 2415 759 2463 de
782 2415 825 2474 iis,
844 2429 904 2478 qne
921 2415 1072 2465 communis
1091 2429 1180 2466 cause
1198 2417 1404 2467 restitutionem
1423 2431 1532 2467 concer-

285 2502 397 2552 nebsnt.
443 2498 562 2548 Additur
583 2501 666 2561 peulo
690 2504 762 2562 post,
785 2499 938 2562 Principem
958 2501 1104 2550 Auraicum
1123 2501 1295 2556 detructum,
1314 2503 1367 2564 pile
1386 2502 1531 2559 memorie,

285 2600 348 2636 cum
371 2583 536 2649 quibusdam
554 2582 688 2632 Ordlnnm
707 2585 830 2646 apprime
848 2597 882 2632 ex
900 2598 950 2632 usu
969 2598 1057 2633 rerum
1077 2585 1255 2648 praesentium
1272 2582 1408 2645 judicare,
1427 2590 1459 2634 ut
1474 2586 1531 2634 Rex

285 2675 411 2732 uterque,
438 2673 495 2716 tam
522 2667 547 2715 S.
572 2666 600 2715 ii.
620 2666 700 2715 liztas
718 2682 800 2730 quam
819 2667 876 2717 Rex
894 2668 1000 2727 Dsnlss,
1018 2668 1047 2717 ln
1065 2669 1166 2718 devoto
1185 2683 1233 2717 suo
1252 2669 1365 2717 ediectu
1385 2675 1416 2719 et
1433 2669 1531 2719 ardore

285 2752 447 2805 adsereudte
470 2750 720 2813 conservundaeqne
744 2765 833 2800 cauare
851 2752 1001 2801 communis
1020 2755 1195 2812 retineretur,
1213 2754 1316 2816 partito
1335 2754 1411 2803 inter
1429 2758 1532 2802 utrum·

286 2852 339 2903 que
366 2834 490 2886 exercitu
516 2838 545 2883 et
570 2834 687 2884 cuilibet
714 2837 805 2893 20‚000
828 2836 951 2898 peditum
973 2843 1002 2886 et
1021 2840 1096 2897 ditio
1114 2837 1236 2900 equitum
1256 2838 1408 2886 attributis.
1445 2836 1532 2887 Multa

285 2923 331 2973 bic
354 2921 465 2986 quidem
486 2919 665 2979 occurebant,
687 2932 748 2981 quas
766 2918 791 2967 S.
809 2918 839 2966 R.
859 2918 927 2979 littl,
945 2934 979 2969 ne
998 2936 1027 2970 se
1045 2922 1120 2971 bisce
1139 2922 1256 2984 emplius
1275 2920 1444 2970 immisceret
1461 2935 1531 2970 nese

285 3006 391 3070 legatos
420 3006 553 3061 mitteret,
580 3001 793 3051 dissuadebant:
821 3004 908 3066 primo
936 3004 1054 3067 quidem,
1077 3004 1150 3068 quod
1172 3005 1201 3054 id
1219 3009 1356 3068 pugnsret
1373 3019 1435 3054 cum
1453 3006 1531 3055 iacta

286 3095 352 3140 ante
378 3102 479 3139 annum
507 3087 609 3148 legatis
635 3085 751 3149 Anglico
778 3092 807 3136 et
829 3087 1053 3151 Brsndoburgico
1071 3091 1267 3152 propositione,
1286 3103 1348 3152 que
1365 3089 1533 3138 fundumen-

284 3178 343 3223 tum
362 3173 449 3222 omnls
468 3170 579 3221 consilli
596 3172 684 3220 nostrl
703 3170 808 3227 inerat;
827 3184 879 3219 nec
897 3170 956 3221 dies
975 3186 992 3220 e
1009 3172 1083 3235 Rege
1101 3176 1160 3236 ipso
1179 3172 1330 3221 Britanniae
1348 3173 1531 3236 algniiicatus,

286 3257 336 3306 sed
354 3258 522 3320 privatorum
542 3254 733 3304 tantummodo
753 3253 841 3303 literis
859 3255 1008 3305 denotetur
1026 3256 1125 3305 lueret.
1161 3256 1201 3305 lis
1219 3270 1328 3319 quoque
1347 3262 1410 3306 erat
1427 3264 1532 3321 tempo·

284 3341 322 3391 ris
341 3341 478 3403 angustia,
496 3344 527 3388 ut
546 3339 569 3388 si
587 3339 648 3401 quis
666 3339 785 3387 maxime
803 3341 923 3402 legatum
942 3340 1074 3402 cupiisset
1092 3342 1212 3399 mittere,
1225 3339 1353 3389 exclusus
1365 3344 1459 3391 tauron
1471 3343 1531 3391 bre·

285 3427 372 3474 vitate
390 3422 522 3486 temporis
541 3423 745 3472 excusationem
765 3424 918 3472 meruisset.
949 3423 1052 3471 Preter
1069 3428 1163 3473 cetera
1175 3438 1239 3473 vero
1251 3425 1385 3473 obstabst
1397 3440 1530 3489 suspensa

284 3507 422 3570 rebusque
447 3508 549 3556 nostris
572 3508 655 3555 noxia
677 3506 853 3555 consiliorum
873 3507 1050 3567 incertitudo,
1069 3512 1125 3556 tum
1144 3509 1238 3570 lapsus
1256 3508 1390 3571 temporis
1408 3513 1531 3573 pretiosi,

284 3590 360 3640 hand
378 3591 512 3652 proficuus
531 3603 620 3638 csusae
639 3591 777 3638 communi
795 3596 825 3639 et
843 3605 937 3640 omnes
955 3593 1074 3655 proprior
1092 3592 1134 3641 rei
1151 3592 1281 3655 gerundus
1298 3592 1460 3643 occasiones
1477 3608 1532 3643 ms·

285 3673 368 3723 nibus
386 3676 487 3723 nostris
505 3676 656 3723 excutiens.

369 3758 406 3804 At
432 3770 467 3805 ne
493 3758 567 3805 sotis
594 3759 713 3806 omnium
742 3757 766 3806 S.
790 3757 818 3806 R.
842 3758 921 3807 bizias
939 3759 1057 3820 deesset,
1076 3760 1228 3822 presertim
1246 3773 1307 3808 cum
1325 3760 1354 3809 id
1373 3761 1529 3825 Principem

285 3842 432 3890 Aursicum
458 3845 488 3890 et
514 3840 631 3889 Ordines
655 3840 804 3890 Generales
823 3845 979 3893 consultum
996 3843 1123 3906 indicere
1141 3844 1321 3904 intelligeret,
1340 3845 1469 3907 sepositis
1488 3846 1530 3896 his

283 3925 443 3988 justissimis
470 3923 748 3985 considerationibus,
775 3940 836 3974 cum
858 3928 979 3987 legetum
999 3933 1056 3976 tam
1075 3929 1245 3976 festinanter
1263 3926 1375 3978 mittere
1394 3932 1531 3992 nequiret,

284 4010 364 4059 dedit
390 4009 453 4058 dmo
478 4009 586 4059 Jacobo
613 4008 728 4071 Spenaio
756 4014 784 4058 ct
809 4011 942 4060 residenti
965 4026 1013 4060 suo
1032 4011 1117 4073 flagae
1135 4009 1248 4060 Comitis
1266 4011 1338 4061 Jano
1357 4011 1529 4076 Buthgersio,

283 4096 375 4144 missis
400 4107 450 4154 per
476 4098 582 4142 certum
607 4093 778 4142 veredarium
801 4095 904 4144 tsbulis
926 4096 1123 4157 procuratoriis
1143 4109 1174 4143 ac
1193 4094 1343 4153 mandatis,
1361 4100 1529 4159 potestatem

284 4179 453 4228 coniunctim
481 4182 538 4235 sut,
564 4178 588 4224 si
615 4176 746 4238 Spenslns
770 4178 888 4237 abesset,
910 4178 962 4228 soli
980 4178 1123 4238 residenti,
1142 4182 1173 4227 ιι
1190 4180 1396 4229 communicato
1414 4181 1530 4231 oonsilio

284 4276 343 4310 cum
372 4265 525 4311 ceterorum
552 4262 708 4323 principum
735 4262 835 4325 legatis
858 4277 892 4311 ne
911 4263 961 4311 bas
980 4262 1092 4327 quidem
1111 4264 1234 4312 rationes
1251 4261 1381 4323 iurandm
1400 4267 1442 4314 rei
1458 4280 1530 4315 com·

284 4347 374 4393 munis
398 4345 423 4394 8.
447 4343 475 4392 R.
499 4345 558 4393 Μιιι
577 4344 724 4407 displicere
743 4350 921 4406 testarentur,
940 4347 983 4395 bia
1002 4346 1210 4396 condicionibus
1229 4350 1390 4409 praecipuis:
1410 4353 1441 4397 ut
1457 4354 1529 4397 uter·

284 4443 337 4491 que
364 4427 422 4477 Rex
447 4442 524 4476 sunm
543 4427 660 4476 baberet
678 4432 845 4485 exercitum:
864 4435 895 4478 ut
913 4431 938 4477 S.
959 4430 987 4479 li.
1006 4431 1067 4480 bizti
1085 4430 1122 4479 sd
1140 4432 1266 4493 proprias
1284 4432 1357 4481 vires
1376 4446 1441 4481 suas
1459 4447 1529 4481 com·

283 4511 359 4560 muni
377 4516 488 4574 sumptu
507 4511 676 4561 rdderentur
696 4516 726 4560 10
744 4513 898 4573 regimenta
914 4514 1038 4577 peditum
1057 4518 1085 4563 et
1101 4518 1127 4562 8·
1139 4520 1189 4562 aut
1200 4516 1274 4574 2⁰⁰⁰
1288 4515 1426 4578 equitum
1445 4521 1528 4579 utque

284 4594 409 4658 pecunia,
436 4602 494 4643 tam
521 4609 570 4658 pro
593 4598 796 4657 conscriptione
817 4597 914 4646 militis
937 4613 1018 4660 quam
1036 4600 1170 4647 trimestri
1189 4598 1311 4647 eiusdem
1331 4600 1483 4663 stipendio,
1501 4607 1529 4650 et

284 4693 360 4729 srma
386 4681 416 4728 ln
443 4684 616 4729 antecessum
644 4680 788 4737 detentum
816 4686 846 4728 ut
868 4686 963 4744 portus
986 4689 1077 4731 certus
1097 4682 1122 4731 S.
1142 4679 1171 4729 R.
1191 4681 1249 4730 Mzti
1268 4681 1455 4743 addiceretur,
1474 4699 1528 4748 quo
