3264 5354
340 502 382 564 46

299 682 423 732 matura
459 668 523 732 sint
552 682 648 754 atque
681 668 858 733 secundum
893 667 999 731 Deum
1033 667 1132 731 firmis
1165 667 1383 731 fundamentis
1416 666 1547 729 innixa.

298 769 358 833 Est
389 769 561 853 negocium
595 769 713 856 mande
743 783 777 832 et
802 767 944 841 difficile,
973 780 1097 831 tantum
1126 768 1313 855 principem,
1336 790 1372 830 ac
1395 766 1547 831 'Ceasar'

299 884 358 947 est,
390 868 509 933 fultum
545 870 689 954 potentia
721 868 907 954 Hispanico,
941 869 1096 954 stipatum
1123 868 1346 956 magnitudine
1369 892 1405 932 ac
1427 867 1547 932 robore

299 986 348 1034 tot
371 970 552 1056 principum
577 982 611 1033 et
632 969 722 1056 Ligae
745 967 929 1047 Catholicae,
955 970 1102 1034 *movere
1125 970 1216 1033 loco*
1239 981 1273 1033 et
1295 969 1334 1033 ad
1347 970 1451 1053 justus
1467 990 1548 1032 con·

297 1070 440 1135 diciones
466 1071 587 1135 dandas
613 1069 789 1157 impellere.
836 1069 930 1134 Vires
953 1069 1005 1134 hic
1027 1085 1151 1147 nostrae,
1176 1069 1259 1133 vires
1283 1070 1424 1134 hostium
1447 1082 1548 1134 erunt

299 1172 379 1236 bene
413 1171 625 1257 ponderandae
658 1194 694 1235 ac
726 1171 811 1234 inter
843 1194 876 1234 se
905 1172 1135 1257 comparandae,
1159 1183 1254 1265 utque
1277 1171 1411 1235 consilia
1433 1184 1547 1233 nostra

297 1273 342 1337 sic
375 1271 586 1349 instituenda,
615 1296 655 1336 ne
678 1272 807 1356 decepti
830 1272 899 1357 spei
922 1272 1066 1336 vanitate
1089 1287 1123 1337 et
1143 1294 1202 1335 nos
1224 1286 1257 1335 et
1279 1270 1357 1335 alios
1380 1272 1546 1358 perditum

297 1396 417 1438 camus.

381 1473 488 1537 Video
521 1472 639 1537 multas
672 1472 895 1548 condiciones,
924 1473 1101 1559 'Speusio‘
1135 1485 1169 1537 et
1193 1472 1351 1537 *Bellinio
1373 1472 1546 1548 traditas’,

296 1575 420 1639 faederis
454 1574 618 1660 neglectas
651 1588 685 1638 et
716 1587 872 1660 sumptus,
906 1574 962 1659 qui
995 1573 1064 1637 lieri
1097 1572 1225 1650 debent,
1260 1595 1392 1659 magnos
1425 1572 1545 1637 videri.

297 1674 510 1739 Condiciones
543 1676 619 1761 ipsae
651 1675 733 1739 tales
766 1688 849 1753 sunt,
877 1688 914 1738 ut
939 1674 1022 1738 nihil
1043 1675 1077 1737 in
1100 1674 1140 1738 iis
1163 1675 1205 1737 sit
1227 1674 1290 1737 nisi
1311 1674 1545 1760 aequissimum,

297 1775 378 1839 nihil
411 1788 467 1840 aut
500 1798 622 1862 parum,
655 1774 740 1861 quod
774 1773 835 1838 hoc
862 1797 1008 1860 regnum,
1032 1775 1087 1839 sed
1110 1787 1235 1838 tantum
1258 1775 1343 1860 quod
1365 1797 1432 1839 rem
1455 1797 1545 1837 com·

297 1899 425 1941 munem
449 1889 581 1963 spectet.
626 1875 779 1961 Sumptus
802 1898 878 1939 vero
903 1898 961 1961 per
982 1898 1015 1939 se
1038 1875 1169 1962 quidem
1192 1889 1268 1939 sunt
1289 1876 1407 1962 magni,
1430 1898 1466 1938 ac
1489 1874 1544 1949 iis,

296 1978 352 2063 qui
384 1978 480 2065 genio
513 1999 572 2040 suo
601 1975 683 2039 nihil
711 1976 825 2039 volunt
850 1976 1037 2053 detractum,
1061 1998 1183 2063 graves,
1206 1976 1259 2040 sed
1284 1990 1391 2040 tamen
1414 1999 1451 2039 ea
1474 1998 1545 2039 mo·

289 2079 460 2143 deratione
487 2076 666 2152 constituti,
694 2090 741 2142 ut.
768 2100 842 2141 cum
865 2077 894 2140 S.
919 2077 956 2141 R.
980 2077 1076 2141 M:tss
1097 2077 1131 2140 in
1154 2099 1187 2141 se
1210 2076 1310 2140 solam
1331 2076 1456 2141 derivet
1480 2093 1545 2141 ter·

296 2181 373 2243 tiam
406 2193 595 2243 cunctorum
623 2200 756 2242 onerum
784 2191 918 2263 partem,
940 2178 1066 2264 reliqui,
1091 2200 1224 2264 quorum
1248 2178 1349 2264 magis
1372 2176 1470 2242 etiam
1493 2178 1546 2242 in·

295 2280 385 2344 tersit
399 2302 464 2344 rem
481 2279 654 2365 collapsam
670 2278 808 2356 restitui,
824 2279 920 2343 facile
937 2278 1077 2364 reliquus
1093 2279 1171 2343 duas
1187 2292 1294 2364 partes
1308 2278 1393 2343 ferre
1408 2293 1543 2365 queant.

295 2380 331 2444 ld
354 2403 481 2467 quoque
504 2379 711 2466 cogitandum
734 2380 805 2456 erit,
827 2402 876 2444 res
898 2401 1029 2466 magnas
1052 2401 1183 2464 magnos
1206 2381 1365 2466 requirere
1381 2392 1545 2466 sumptus,

296 2494 330 2545 et
352 2482 408 2568 qui
430 2480 488 2544 hos
508 2480 606 2567 fugit,
625 2501 701 2543 eum
716 2480 836 2545 rectius
852 2481 1023 2558 facturum,
1040 2480 1067 2544 si
1082 2479 1197 2544 stillis
1213 2480 1382 2545 abstineat.
1416 2480 1543 2559 Quodsi

295 2605 371 2645 vero
404 2581 525 2667 aliquid
560 2598 630 2644 cum
666 2581 793 2645 ratione
822 2580 945 2645 detrahi
972 2593 1090 2667 posset,
1113 2582 1166 2646 rel
1188 2582 1290 2666 copiis
1312 2579 1466 2656 militum,
1489 2582 1541 2646 vel

295 2681 474 2767 stipendiis,
501 2681 554 2745 vel
577 2681 648 2745 aliis
670 2680 864 2768 sumptibus,
887 2680 1067 2767 putandum
1090 2682 1163 2759 erit,
1187 2681 1216 2745 S.
1240 2682 1277 2745 R.
1303 2682 1414 2746 M:tem
1438 2682 1542 2745 domi·

295 2805 372 2846 num
394 2805 500 2846 meum
525 2806 589 2846 uon
613 2783 682 2847 fore
705 2782 745 2846 ab
768 2805 805 2846 eo
829 2781 979 2846 alienum.

378 2884 485 2947 Tuum
509 2906 594 2946 nunc
617 2884 688 2959 erit,
711 2883 778 2947 haec
801 2882 899 2969 probe
920 2883 1132 2961 considerare,
1147 2882 1353 2947 difficultates
1369 2885 1541 2969 praestandi

296 2976 343 3062 ea,
377 3007 447 3070 quae
480 2984 694 3069 requiruntur,
722 2984 882 3048 collocans
904 2983 939 3046 in
962 3005 1025 3045 una
1046 2983 1146 3059 lance,
1170 2983 1258 3048 etin
1282 2983 1381 3047 altera
1402 2984 1544 3048 difficul-

294 3098 377 3149 tates
411 3108 446 3148 ac
480 3085 633 3171 requisita
665 3084 862 3149 conficiundi
891 3083 974 3147 tanti
1002 3083 1145 3170 negocii3
1174 3107 1274 3170 eaque
1297 3084 1343 3148 sic
1366 3084 1451 3148 inter
1472 3107 1543 3150 sese

295 3186 469 3272 ponderare
493 3209 528 3249 ac
552 3185 718 3262 moderari,
741 3198 779 3248 ut
801 3184 861 3247 sibi
882 3185 1023 3248 invicem
1039 3185 1270 3270 respondeant;
1293 3186 1400 3249 nevel
1418 3187 1543 3250 maiora

247 3275 249 3280 ’
294 3286 415 3350 viribus
449 3288 565 3350 uostris
599 3286 833 3373 aggrediamur,
863 3286 914 3348 vel
938 3286 1095 3370 adgressis
1117 3307 1154 3348 ea
1177 3286 1268 3349 nobis
1291 3309 1356 3350 vox
1379 3287 1542 3373 exprima-

295 3402 360 3451 tur:
384 3411 462 3451 ›non
487 3400 658 3473 putaram.»

378 3488 449 3575 Ego
482 3487 592 3551 isthoec
625 3511 690 3551 non
724 3487 838 3562 scribe,
872 3487 955 3572 quod
984 3500 1017 3551 te
1046 3487 1144 3551 velim
1172 3487 1349 3573 desperare,
1372 3486 1428 3550 sed
1451 3490 1540 3574 quod

293 3589 364 3653 Rex
387 3611 476 3653 meus
499 3588 618 3674 cupiat,
642 3586 815 3674 negocium
838 3587 941 3651 isthoc
963 3587 1011 3651 ita
1034 3588 1163 3652 tractari
1186 3611 1223 3651 ac
1243 3588 1344 3651 curari
1363 3588 1540 3676 aregibus,

293 3689 560 3775 principibusque
582 3701 615 3752 et
636 3688 823 3753 civitatibus
845 3687 916 3774 (qui
938 3688 1000 3751 huc
1024 3689 1248 3774 propendent),
1272 3702 1308 3752 ut
1322 3711 1396 3752 eum
1411 3690 1540 3754 ratione

292 3804 388 3875 atque
422 3812 464 3852 ex
493 3812 551 3852 sua
578 3790 803 3876 magnitudine
828 3788 999 3876 negocium
1023 3788 1083 3851 hoc
1106 3789 1225 3874 suscipi
1250 3790 1365 3875 possit3
1388 3811 1471 3855 neve
1494 3790 1538 3855 le·

292 3890 360 3975 gsti
394 3889 589 3976 principum,
623 3891 679 3976 qui
712 3891 901 3954 conventuri
935 3900 1019 3963 sunt,
1050 3901 1174 3953 tantum
1197 3891 1351 3977 cogitent,
1375 3890 1541 3976 quomodo

291 3990 325 4054 id
360 3990 390 4055 S.
419 3991 457 4054 R.
485 3991 557 4054 Mei
585 3991 780 4076 persuaderi,
809 3992 864 4055 sed
892 3991 1001 4077 potius
1024 3990 1185 4076 quomodo
1209 3991 1269 4055 hoc
1291 4004 1417 4054 tantum
1441 4014 1541 4078 nego·

292 4092 378 4155 cium
406 4114 480 4155 cum
507 4091 612 4155 fructu
636 4106 669 4155 et
690 4091 832 4155 utilitate
855 4092 999 4155 omnium
1022 4092 1143 4177 suscipi
1165 4115 1201 4155 ac
1224 4092 1294 4178 geri
1316 4105 1428 4177 queat;
1451 4094 1536 4178 quod

293 4191 323 4255 S.
357 4193 393 4255 R.
428 4193 540 4255 M:tem
574 4205 664 4256 tanto
698 4205 825 4277 oportet
858 4215 952 4276 agere
980 4214 1016 4256 ac
1038 4192 1118 4257 eniti
1141 4192 1259 4256 maiore
1283 4215 1367 4269 cura,
1391 4214 1467 4256 cum
1490 4192 1537 4256 di·

291 4293 467 4357 rectionem
491 4293 561 4357 eius
584 4293 617 4355 in
640 4315 673 4356 se
695 4294 867 4379 suscipere,
891 4317 927 4357 ac
949 4292 1147 4379 reliquorum
1165 4316 1260 4357 causa
1275 4315 1375 4371 suam,
1391 4315 1540 4356 suorum-

292 4416 353 4480 que
376 4408 408 4458 et
430 4394 522 4479 regni
546 4394 596 4457 sui
618 4394 753 4458 salutem
777 4394 953 4479 periclitari
976 4395 1102 4459 debeat.

375 4493 508 4557 Interim
543 4518 603 4582 age
633 4508 680 4571 tu,
707 4517 831 4573 conare,
854 4495 981 4558 hortare
1006 4518 1041 4558 ac
1064 4493 1229 4580 persuade,
1252 4517 1292 4557 ne
1314 4493 1374 4569 illi,
1397 4517 1536 4580 quorum

281 4594 435 4673 interest,
478 4595 647 4683 negligant
682 4594 765 4658 hane
801 4597 1004 4660 occasionem
1041 4594 1223 4659 adserendae
1258 4594 1304 4658 rei
1340 4594 1538 4673 communis;

291 4695 369 4781 quin
402 4695 509 4781 potius
542 4710 580 4759 ut
606 4719 640 4759 se
668 4696 876 4783 coniungant,
899 4695 983 4761 vires
1005 4707 1198 4782 comparent,
1225 4695 1393 4781 pecuniam
1416 4708 1538 4783 cogant
