3310 5338
1269 400 1334 467 583

121 569 226 653 idque
249 567 465 655 Regiomonti,
488 569 542 633 cui
564 570 638 653 jura
660 568 877 634 neutralitatis
899 568 1044 645 indubia,
1066 582 1180 654 preter
1205 569 1282 634 alias
1309 583 1375 635 tam

121 688 235 733 nesam
268 690 365 754 quam
385 668 556 734 vorborum
579 668 780 747 acerbitates,
801 670 858 735 isti
879 670 1018 756 publiea
1039 669 1236 736 inductioni
1256 670 1373 739 illm

127 769 173 832 Et
205 792 246 834 ne
280 769 358 856 quid
382 768 570 834 hostilitatis
591 770 685 846 desit,
708 768 921 856 intelligimus
944 770 1080 835 militem
1103 794 1218 857 magno
1241 794 1375 836 numero

120 869 323 937 destinaurm
348 871 545 956 missumque
566 869 602 935 in
623 884 726 937 eastra
748 871 944 951 Polonica1).

213 971 345 1057 Cogitet
377 985 483 1035 restra
518 971 704 1036 Domioatio
736 986 769 1036 et
802 995 860 1058 pro
893 994 951 1037 sno
983 971 1122 1035 candore
1145 995 1182 1036 ac
1203 972 1375 1060 prudentia

120 1072 298 1156 dijudicet,
332 1074 494 1159 quomodo
526 1070 594 1137 bec
627 1095 645 1135 a
676 1071 708 1136 S.
736 1074 773 1137 R.
798 1073 876 1137 Mzte
898 1072 1002 1158 accipi
1026 1082 1154 1159 queunt,
1177 1086 1209 1138 et
1231 1073 1309 1160 quid
1333 1075 1372 1138 de

125 1172 293 1260 legatione
326 1186 432 1238 vestra
465 1195 501 1237 ao
534 1172 732 1260 collegarum
761 1173 907 1258 judicare
941 1173 1063 1238 debeat.
1109 1173 1190 1249 Sane
1212 1196 1277 1260 quo
1301 1198 1374 1262 pro·

126 1272 1420 1360 mmfflssfflmmmffimmmmmmmfflfflmffifflmffi¹

124 1374 238 1438 russiss
271 1372 390 1438 affectu
413 1395 539 1460 semper
559 1372 738 1453 inclinarit,
761 1396 799 1438 eo
822 1375 983 1439 acerbiora
1003 1375 1072 1438 foro
1095 1374 1178 1450 odia,
1202 1374 1229 1438 si
1250 1375 1374 1439 iniiam·

123 1488 256 1539 mentor
277 1489 344 1538 tam
368 1475 494 1539 acribus
515 1475 763 1561 improvisisque
785 1474 1053 1551 iniuriis,'vcstra
1077 1475 1263 1539 Dominatio
1278 1475 1373 1540 facilc

124 1574 293 1662 mmmm

212 1675 1372 1763 Qfflmmmmmmmfflmmmmmm·

119 1777 219 1863 cipes
255 1790 422 1863 statusque
458 1776 667 1863 Evangelicos
701 1777 899 1863 superstites,
933 1799 1122 1841 conservare
1159 1776 1243 1841 iuter
1275 1777 1372 1861 ipsos,

120 1891 285 1964 quantum
318 1877 454 1941 consilio
478 1900 607 1963 possum
630 1877 702 1942 loco
724 1900 807 1953 meo,
828 1877 1043 1954 concordiam,
1066 1891 1099 1942 ct
1121 1898 1308 1963 praecavere,
1330 1901 1371 1941 nc

117 1977 205 2064 quid
228 1977 353 2043 dissidii
376 1990 525 2043 exortum
547 1978 715 2064 paululum
738 1978 782 2054 id,
805 1978 889 2064 quod
918 1992 1028 2055 restat,
1051 1978 1208 2044 disturbet
1232 1993 1264 2042 et
1283 2001 1371 2043 sver-

123 2093 186 2155 tat,
208 2078 356 2165 inprimis
379 2102 418 2143 ne
442 2079 517 2165 quid
541 2079 708 2166 disjungat
731 2078 760 2142 S.
786 2078 821 2143 R.
847 2079 960 2143 Mttem
983 2080 1094 2143 dznum
1110 2101 1218 2143 meum
1235 2092 1267 2144 et
1284 2079 1372 2143 Prin·

119 2179 233 2264 eipem
266 2194 418 2258 restrum,
453 2179 637 2243 existimavi
670 2202 720 2244 me
744 2202 807 2243 non
830 2179 994 2267 ingratum
1018 2176 1113 2243 D=oni
1136 2193 1248 2244 vcstrae
1270 2180 1372 2244 factu·

123 2302 208 2357 rum,
230 2281 256 2343 si
279 2280 369 2344 illam
393 2280 506 2344 horum
530 2279 743 2357 admonerem,
768 2295 813 2351 ut,
836 2280 1106 2366 quemadmodum
1119 2282 1280 2367 praeterito
1296 2304 1370 2345 rere

118 2379 243 2445 author
265 2395 333 2446 erat
356 2404 392 2445 ao
413 2382 663 2445 instrumentum
686 2382 875 2456 maximum,
899 2395 1004 2445 motus
1027 2381 1148 2457 bellici,
1171 2382 1226 2467 qui
1249 2397 1372 2447 metue-

123 2482 223 2545 batur
254 2504 356 2569 nsque
380 2481 442 2546 alio
464 2504 557 2569 quam
580 2482 815 2546 inflammatore
837 2482 1014 2568 indigebat,
1038 2482 1276 2568 tranquillandi,
1299 2506 1371 2547 cau·

119 2580 268 2668 dorequo
303 2606 361 2647 suo
396 2583 557 2657 effecerat,
589 2597 628 2646 ut
660 2582 690 2646 S.
715 2583 751 2646 R.
775 2582 870 2646 Mass
893 2582 1000 2646 dubiis
1024 2582 1248 2670 ambiguisque
1270 2584 1372 2649 literis

122 2683 250 2759 fideret,
283 2684 330 2748 ita
352 2696 386 2748 et
407 2706 492 2746 nunc
515 2684 571 2747 det
594 2706 735 2769 operam,
758 2706 822 2769 quo
844 2683 911 2747 haeo
935 2683 1126 2770 tempestiva
1150 2684 1371 2763 emendentur,

119 2806 187 2847 nec
210 2784 351 2847 consiliis
374 2784 569 2848 contrarium
594 2784 803 2861 suadentibus
827 2806 918 2848 aures
940 2782 1180 2871 praebeant[ur].

146 2892 149 2897 '
212 2883 1371 2973 Vfflmewfflmsffldmffimffimfflmfflmmmffmmmm

116 2985 237 3050 sertim
271 2986 310 3069 ad
345 2986 481 3049 Dronem
508 3000 656 3063 vestram,
681 3008 787 3073 quam,
809 2986 888 3049 licet
908 2986 991 3050 mihi
1014 2986 1170 3050 hactenus
1192 3009 1256 3049 non
1278 2986 1371 3050 fami·

118 3087 251 3161 liorem,
273 3086 359 3150 colui
382 3099 490 3151 tamen
514 3087 554 3150 ob
577 3087 694 3150 famam
718 3086 848 3151 virtutis
871 3109 908 3150 ac
930 3086 1139 3165 sinceritatis3
1162 3109 1273 3150 verum
1297 3107 1371 3149 cum

118 3200 275 3273 tempora
297 3210 332 3252 ac
355 3210 404 3251 res
426 3187 546 3251 invitos
568 3209 626 3251 nos
649 3210 731 3273 saepe
754 3187 891 3266 trahant,
908 3210 1004 3274 cogor
1020 3186 1094 3251 hinc
1110 3209 1224 3273 capere
1239 3186 1370 3250 initium

113 3288 368 3352 consuetudinis
388 3301 512 3365 nostrae,
536 3311 738 3374 summopere
761 3303 919 3375 exoptans
942 3302 979 3352 ut
1000 3287 1074 3352 binc
1100 3287 1139 3351 ad
1162 3288 1285 3352 laetiora
1306 3310 1371 3351 ma·

117 3388 240 3475 gisque
273 3402 364 3475 grata
387 3388 614 3476 progrediendi
638 3389 762 3454 occasio
787 3389 888 3453 detur.
934 3389 1021 3455 Deus
1044 3400 1212 3454 conservet
1235 3389 1369 3452 Dzonem

119 3500 265 3552 vestram
299 3489 419 3553 salvam
453 3502 487 3553 ct
513 3490 717 3554 incolumem.
761 3489 929 3553 Dabuntur
951 3515 968 3554 e
991 3490 1101 3554 castris
1125 3490 1163 3553 ad
1188 3488 1296 3552 Hbvet
1318 3488 1370 3553 die

119 3591 166 3653 15
190 3588 275 3653 Julii
297 3593 360 3654 An.
386 3592 476 3654 1627.

134 3820 137 3824 A
212 3742 405 3808 uganhandrgt
429 3746 553 3810 kdnoopt
578 3749 588 3795 1
615 3745 832 3796 Oxenstlernska
859 3746 1010 3808 samlingen
1037 3747 1099 3793 med
1126 3745 1255 3809 paakrflt:
1286 3746 1369 3795 ›Dtno

112 3829 251 3878 Fabiano
269 3842 286 3877 a
304 3828 407 3878 Dona».

211 3994 232 4059 ι)
250 3998 299 4047 Onr
318 3999 399 4048 desse
416 3998 603 4061 ttlldragelser
620 3999 671 4046 och
689 3998 753 4046 med
766 3997 917 4060 anlodnlng
929 3997 1010 4046 daret
1023 3996 1137 4046 luledda
1149 3996 1370 4060 forbandlinw,

110 4083 162 4146 jtr
181 4081 365 4141 lesarkiret,
384 4081 748 4146 BrandenburgBorussioa,
766 4081 986 4144 Fbrhandlingar
1007 4082 1079 4127 1627.

649 4347 848 4355 —0—
