3294 5358
1237 432 1308 499 tte

93 604 235 668 servitis
267 602 352 690 Regi
383 601 525 666 Polcniae
559 613 592 666 et
618 600 831 688 Episcopatui
859 601 1029 680 obtulisse,
1057 623 1128 687 quae
1155 599 1281 687 negligi
1303 600 1350 664 vi·

94 704 244 782 dentem,
267 715 301 768 et
321 724 428 768 rerum
450 702 700 783 necessariarum
722 702 833 789 inopis
852 701 1209 777 adductumtrsnsiisse
1222 701 1265 766 sd
1280 723 1348 795 nos,

96 818 134 870 et
170 828 189 873 s
222 805 274 869 Su
300 804 359 871 Rus
384 803 462 891 Mzte
482 803 556 890 ipss
577 803 611 866 in
634 803 766 868 servitis
787 815 962 889 receptum.
1007 802 1102 867 Hunc
1124 801 1245 889 itsque,
1267 786 1349 866 eius·

95 905 191 970 modi
214 903 414 970 condicionis
436 903 610 980 hominem,
632 925 737 990 neque
760 902 880 987 Dzones
902 926 976 968 vzrae
997 904 1067 967 iure
1090 925 1179 968 eme
1195 915 1348 988 expetere

98 1019 248 1094 possunt,
271 1027 376 1093 neque
398 1028 460 1094 ego
482 1004 638 1068 rationem
661 1003 720 1067 8:ae
742 1003 808 1068 Rue
831 1004 903 1068 Mzti
924 1004 1068 1082 reddere,
1091 1002 1119 1066 si
1136 1002 1349 1073 extrsdetem.

187 1106 283 1187 Quod
318 1106 359 1171 sd
395 1104 520 1171 scelere
552 1106 705 1192 (quorum
740 1104 962 1189 insimuletur)
996 1103 1122 1182 attinet,
1159 1127 1221 1192 ego
1254 1103 1348 1168 illum

98 1207 278 1272 eorundem
311 1228 418 1292 nsque
444 1227 595 1270 secururs
620 1227 726 1292 neque
750 1228 886 1293 purgsrs
909 1204 1021 1292 cupio,
1044 1205 1204 1292 siquidem
1226 1205 1348 1270 Dzones

96 1330 177 1373 rme
209 1307 305 1372 illum
331 1305 526 1383 homicidiis,
552 1306 722 1382 incendiis,
745 1304 924 1370 latrociniis
946 1306 1139 1393 perpetratis
1161 1306 1196 1369 in
1219 1304 1349 1391 prefec-

99 1424 176 1474 ture
209 1407 469 1496 Ortellburgensi
500 1406 669 1481 infament,
703 1429 740 1471 sc
773 1406 983 1471 severissimis
1016 1406 1185 1493 suppliciis
1211 1406 1347 1493 dignum

96 1509 251 1594 judicent
261 1509 298 1591 ¹),
320 1507 378 1572 ills
400 1530 435 1572 se
458 1506 497 1572 sb
519 1507 607 1572 hisce
629 1507 778 1573 omnibus
800 1506 1100 1572 innocentissimum
1117 1507 1272 1584 clemitut,
1288 1529 1348 1571 nec

100 1610 271 1675 minimum
306 1608 384 1696 quid
414 1630 557 1695 unqusm
579 1608 613 1671 in
636 1607 781 1672 subditos
804 1608 937 1673 Ducslis
960 1608 1117 1673 Borussiae
1138 1607 1347 1685 commisisse,

101 1710 196 1775 cuius
219 1710 362 1775 sccussri
385 1706 500 1774 merito
522 1709 633 1795 possit.
672 1707 734 1773 Sed
750 1708 848 1773 sicuti
863 1709 1071 1774 innocentem
1087 1708 1247 1796 supplido
1263 1707 1348 1772 effici

100 1810 204 1888 nefas,
229 1811 276 1875 its
303 1811 330 1874 si
356 1810 434 1897 quid
457 1822 558 1874 morte
580 1822 677 1895 etque
699 1809 876 1896 exemplari
900 1833 1002 1897 poens
1024 1808 1160 1897 dignum
1183 1807 1268 1896 apud
1291 1829 1347 1871 vos

101 1911 309 1989 commiserit,
332 1911 516 1997 D:0nesque
531 1933 604 1974 mrae
618 1910 672 1975 vel
687 1909 818 1998 publico
833 1911 963 1975 nomine
978 1910 1042 1974 hnc
1060 1910 1200 1998 aliquem
1216 1910 1346 1974 mittere

102 2012 217 2089 velint,
240 2026 296 2076 sut
316 2011 368 2089 iis,
390 2010 509 2098 quibus
530 2008 650 2075 iniuria
671 2011 759 2075 fecte
780 2023 829 2075 est
852 2010 1107 2098 detrimentoque
1122 2009 1225 2087 illuts,
1241 2010 1347 2074 iniun-

101 2136 191 2202 gere,
213 2126 252 2177 ut
273 2111 437 2177 hominem
460 2110 513 2175 hic
535 2125 688 2177 accusent
703 2126 737 2177 et
752 2111 954 2191 convincent,
970 2134 1032 2200 ego
1047 2113 1081 2176 in
1093 2109 1347 2176 administranda

96 2213 230 2299 justitie
251 2213 298 2277 its
320 2235 371 2277 me
394 2235 513 2301 geram,
535 2224 572 2276 ut
595 2212 698 2298 primo
721 2213 865 2277 omnium
889 2214 1008 2278 D:ones
1030 2236 1104 2277 νινε
1119 2211 1252 2277 videant
1266 2210 1347 2276 mihi

102 2337 188 2378 curre
209 2335 288 2391 esse,
311 2337 352 2378 nc
374 2310 494 2378 scelere
516 2311 677 2400 impunite
698 2328 859 2393 maneant,
882 2328 952 2378 tum
976 2328 1013 2379 ut
1035 2326 1192 2401 quantum
1218 2335 1346 2400 aequum

102 2415 165 2480 erit
197 2429 231 2480 et
254 2413 391 2499 justitiae
418 2413 621 2489 conveniens,
646 2414 796 2479 smicitiae
818 2427 933 2479 nostrae
955 2427 1186 2502 pectorumque
1209 2435 1346 2478 conven-

101 2530 209 2580 torum
231 2514 387 2580 hsbestur
407 2515 499 2579 ratio.

186 2615 303 2681 Dictus
331 2638 407 2681 vero
434 2614 527 2701 Royk
553 2615 615 2679 sibi
642 2613 771 2703 quidem
801 2615 923 2703 aliquid
946 2616 1143 2680 intercedere
1165 2615 1345 2679 inimicitie

101 2717 223 2781 letetur
244 2740 319 2781 cum
342 2715 533 2803 quibusdem
556 2716 671 2780 incolis
693 2714 910 2804 Episcopatus
931 2716 1154 2795 Wsrmiensis;
1177 2717 1233 2780 sed
1249 2715 1346 2780 sicuti

101 2817 159 2881 ills
191 2817 338 2882 subditos
371 2816 505 2881 Ducslis
538 2817 696 2881 Borussiae
725 2841 789 2882 non
813 2817 988 2896 concernit,
1010 2818 1057 2882 its
1078 2840 1136 2881 nec
1158 2829 1253 2903 putet
1274 2839 1345 2881 eam

102 2916 163 2983 sibi
186 2917 247 2982 hoe
271 2918 304 2982 in
328 2916 458 3003 negotio
480 2916 586 2982 fraudi
609 2940 688 2997 esse,
713 2931 769 2983 sut
791 2918 867 2982 hnic
889 2918 1063 2982 immisceri
1085 2917 1209 2982 debere.

185 3018 257 3106 Ego
280 3041 357 3083 vero
379 3016 447 3083 haec
469 3042 527 3104 pro
550 3018 694 3083 amicitis
716 3031 823 3083 nostra
843 3018 1000 3083 Dzonibus
1015 3017 1091 3082 vzris
1106 3018 1228 3106 sperire
1244 3016 1344 3095 volui,

100 3133 137 3183 ut
158 3119 275 3183 iisdem
297 3131 432 3199 constet,
455 3117 531 3206 quid
554 3118 616 3183 sibi
638 3120 836 3206 inposterum
859 3119 1043 3183 faciendum
1066 3132 1191 3204 putent.
1226 3120 1345 3184 Deum-

101 3243 164 3307 que
187 3243 309 3306 precor,
332 3234 369 3284 ut
391 3220 462 3283 illes
486 3219 589 3283 salvus
611 3219 852 3308 incolumesque
874 3220 931 3284 diu
953 3234 1130 3285 conservet.
1176 3220 1345 3283 Dabuntur

101 3319 248 3407 Elbingae
271 3319 324 3385 die
348 3318 387 3385 16
411 3319 596 3385 Decembris
619 3324 681 3385 Αιο
705 3321 796 3385 1627.

184 3442 297 3493 Axelius
317 3442 507 3503 Oxenstlerns,
526 3449 575 3493 cto.

832 3522 990 3595 D20nibus
1012 3521 1127 3587 vestris

776 3624 814 3687 sd
837 3624 942 3688 officis
965 3624 1183 3709 paratissimus

959 3724 1097 3788 Axelius

958 3825 1172 3890 Oxenstierns
1194 3848 1256 3911 mp.

186 3976 360 4041 Utamtrtft:
393 3979 560 4042 ›Magnificls
590 3985 620 4029 st
649 3980 795 4030 Generosls
822 3981 947 4031 Dominis
974 3981 1146 4031 consiliariis
1173 3980 1341 4044 Regsuttbus

99 4063 211 4113 Ducslts
228 4063 372 4126 Borusslsr,
389 4065 485 4113 smicls
504 4064 708 4113 obserandis.»

183 4146 370 4211 Anteckniug:
392 4150 420 4194 »2
438 4148 544 4197 Jnnusr
563 4148 684 4208 lemna

184 4244 310 4309 Originsl
336 4248 399 4298 med
426 4249 602 4312 egenhtndig
624 4249 796 4299 underskrlft
818 4251 868 4300 och
890 4250 993 4312 sigilli
1012 4250 1204 4312 Ststssrkivet,
1223 4252 1341 4314 Koulgs·

97 4328 179 4392 berg;
198 4330 385 4396 egsuhtndlgt
403 4332 523 4396 koncept
541 4335 551 4381 l
569 4334 784 4384 Oxsnstlernsku
803 4334 966 4396 ssmlingsn.

183 4495 203 4557 ¹)
221 4498 235 4548 Ι
252 4499 415 4564 koncsptet:
436 4504 630 4551 ›ccisttmsntn
