3264 5354
358 487 399 550 34

312 654 500 740 'nuperrime
534 640 646 741 elapso
658 654 694 738 ¹),
728 653 832 718 nihilo
859 676 1037 742 nosquam
1061 669 1135 720 ante
1159 655 1337 720 voluntatis
1360 670 1475 721 vestrae
1498 666 1569 721 cer'·

316 755 414 818 tiores
447 753 665 829 reddiderunt,
699 778 736 818 ac
769 755 796 819 si
819 768 938 820 cuncta
960 768 1075 821 exacte
1099 757 1325 842 ponderentur,
1348 780 1462 843 resque
1486 757 1569 844 ipsae

317 855 488 919 verborum
524 855 701 919 involucris
738 856 909 920 denudata
945 856 1168 941 inspiciantur,
1207 879 1296 941 spem
1334 858 1427 923 nobis
1460 857 1569 946 magis

318 954 503 1041 praecidunt,
537 979 632 1042 quam
666 956 839 1044 adaugent,
883 955 967 1036 Quid
996 957 1030 1020 in
1053 957 1142 1043 Rege
1164 971 1274 1021 nostro
1297 958 1383 1022 orbis
1405 974 1567 1024 terrarum

317 1056 533 1142 reprehendat
565 1080 601 1121 ae
635 1056 755 1144 corrigi
787 1057 911 1135 debeat,
946 1080 964 1120 a
996 1058 1125 1122 nemine
1160 1081 1302 1144 unquam
1323 1058 1567 1153 intelleximus3

317 1158 394 1246 quid
419 1160 489 1222 Rex
512 1170 619 1220 vester
640 1181 676 1221 ac
694 1180 751 1221 vos
766 1157 1018 1243 reprehendatis,
1035 1158 1219 1223 coniectura
1233 1159 1331 1224 facile
1347 1159 1567 1247 adsequimur,

315 1260 370 1324 sed
404 1280 500 1345 quam
535 1257 648 1343 procul
680 1258 713 1323 id
747 1258 829 1322 absit
862 1258 901 1323 ab
928 1258 1012 1322 orbis
1039 1272 1196 1323 terrarum
1219 1281 1324 1337 sensu,
1349 1284 1399 1325 res
1421 1261 1492 1346 ipsa
1515 1260 1568 1325 lo·

316 1361 435 1447 quitur,
469 1371 503 1424 et
535 1379 592 1421 suo
626 1356 697 1421 loco
731 1358 867 1422 dicetur.
911 1358 1040 1423 Titulos
1068 1359 1190 1423 alienos
1218 1360 1300 1447 Regi
1322 1374 1432 1426 nostro
1453 1362 1567 1425 nullos

318 1460 535 1548 praecavimus,
558 1458 614 1523 sed
638 1457 829 1545 dignitatem
852 1460 1119 1545 majestatemque
1143 1460 1277 1548 Regiam
1301 1484 1319 1523 a
1338 1484 1488 1548 supremo
1504 1485 1566 1525 nu·

317 1562 403 1626 mine
437 1559 498 1645 ipsi
522 1582 707 1624 concessam
731 1573 764 1623 ct
786 1559 985 1625 adseruimas
1008 1559 1174 1639 hactenus,
1196 1574 1230 1623 et
1251 1561 1363 1626 divina
1385 1561 1566 1627 adiuvante

317 1663 422 1749 gratia
444 1662 554 1725 eadem
579 1660 763 1724 constantia
779 1683 816 1724 ac
832 1661 1023 1726 fortitudine
1038 1661 1251 1746 imposterum
1269 1663 1425 1726 adserturi
1440 1686 1566 1727 sumus.

316 1763 469 1828 ‚Iudicate
502 1761 564 1847 ipsi
597 1783 662 1824 non
696 1761 737 1825 de
771 1775 891 1825 eventu
918 1762 1012 1825 modo
1035 1775 1191 1826 tractatus
1214 1763 1324 1840 nostri,
1347 1764 1403 1828 sed
1426 1763 1466 1826 de
1488 1764 1566 1849 ipso

317 1863 421 1938 initio,
456 1861 482 1926 si
516 1875 705 1948 praesentem
739 1885 843 1926 rerum
878 1878 1057 1927 nostrarum
1084 1875 1202 1927 statum
1231 1863 1421 1928 indubium
1445 1886 1565 1929 vocare

317 1964 435 2028 velitis.
491 1962 544 2025 Ex
577 1985 670 2027 sensu
705 1977 812 2027 vestro
835 1964 875 2027 de
898 1963 990 2027 nobis
1013 1963 1207 2042 existimate,
1230 1976 1296 2028 tam
1319 1987 1491 2052 generosos
1514 1966 1565 2028 in·

317 2065 436 2129 sedisse
470 2075 603 2151 pectora
634 2078 745 2127 nostra
777 2064 919 2150 spiritus,
942 2078 981 2129 ut
1006 2065 1176 2150 dignitatis
1198 2064 1229 2128 S.
1252 2065 1290 2129 R.
1314 2065 1413 2141 Mais,
1436 2066 1563 2130 domini

315 2166 415 2231 nostri
449 2163 703 2238 clementissimi,
725 2166 828 2241 famae,
850 2165 1101 2230 existimationis
1135 2180 1231 2252 atque
1259 2166 1417 2231 libertatis
1444 2181 1564 2231 nostrae

315 2268 486 2354 gentisque
509 2279 623 2329 nostrae
646 2279 761 2352 praeter
782 2279 896 2330 caetera
918 2267 1036 2331 curiosi
1058 2265 1142 2329 nihil
1164 2266 1265 2330 simus
1280 2265 1460 2343 admissuri,
1473 2268 1562 2353 quod

316 2369 373 2433 has
407 2367 527 2431 violare
555 2366 622 2429 ullo
646 2367 741 2431 modo
765 2367 876 2452 possit.
921 2366 991 2446 Qua
1013 2390 1089 2431 vero
1112 2368 1263 2452 equitata
1287 2366 1564 2454 D[ominati]ones

315 2483 427 2534 vestrae
450 2479 591 2542 utantur,
615 2467 690 2530 dum
714 2467 826 2530 titulos
848 2466 1006 2532 honorum
1030 2468 1061 2531 S.
1085 2468 1121 2532 lt.
1145 2467 1218 2532 Mai
1239 2471 1394 2533 acaeteris
1411 2470 1564 2533 omnibns

315 2568 571 2656 imperatoribus,
604 2567 733 2651 regibus
766 2590 802 2631 ac
835 2567 1100 2655 rebuspubl[icis]
1134 2568 1273 2633 tributos
1303 2570 1378 2634 dare
1401 2584 1563 2647 recusant,

315 2692 395 2757 quos
419 2669 552 2733 adimire
574 2682 749 2755 noqueunt,
772 2681 956 2755 statumque
975 2691 1081 2733 rerum
1098 2684 1276 2734 nostrarum
1292 2670 1398 2734 verbis
1414 2685 1562 2736 evertere

315 2784 483 2844 conantur,
507 2793 602 2855 quem
627 2772 722 2834 armis
744 2769 902 2834 intactum
926 2769 1106 2855 relinquere
1129 2771 1281 2855 oportuit,
1305 2784 1431 2835 tantum
1455 2786 1494 2836 ut
1512 2772 1563 2836 in·

314 2871 487 2957 dulgentur
509 2871 641 2935 affectui
664 2888 698 2934 et
719 2870 896 2934 commodis
912 2870 1011 2957 Regis
1027 2870 1136 2945 vestri,
1147 2871 1276 2955 judicet
1291 2872 1376 2935 orbis
1392 2885 1562 2950 terrarum,

312 2986 347 3037 et
370 2995 426 3035 vos
449 2971 512 3055 ipsi
531 2971 687 3056 judicate.

401 3073 476 3137 llaec
499 3084 532 3136 et
555 3070 748 3157 procedendi
771 3070 886 3134 modus
908 3070 1065 3136 hactenus
1088 3095 1130 3135 ex
1153 3084 1243 3158 parte
1264 3087 1370 3136 restra
1384 3088 1561 3160 usurpatus

313 3174 429 3238 dubios
456 3195 513 3237 nos
537 3196 573 3236 ac
596 3168 767 3259 suspensos
790 3185 970 3251 tenuerunt,
994 3194 1147 3258 quorsum
1170 3172 1237 3236 lraeo
1260 3187 1367 3236 nostra
1389 3186 1561 3260 tantopere

313 3274 460 3360 expetita
492 3272 736 3360 tranquillitatis
770 3273 954 3359 negociatio
982 3288 1065 3338 esset
1093 3296 1236 3350 evasura,
1259 3275 1335 3337 dum
1359 3289 1478 3339 cuncta
1500 3298 1561 3339 ros

313 3390 346 3440 et
378 3376 481 3440 solere
515 3390 548 3439 et
581 3374 755 3439 etiamnum
783 3373 866 3438 velle
894 3374 1114 3461 intelligemus
1136 3375 1255 3438 referre
1278 3397 1313 3437 ao
1336 3375 1494 3440 moderari
1516 3398 1562 3440 ex

314 3475 444 3540 arbitrio
467 3488 500 3539 et
522 3475 698 3540 commodis
722 3476 820 3563 Regis
844 3475 957 3554 vestri;
980 3476 1097 3561 quibus
1120 3475 1145 3538 si
1169 3474 1360 3552 institeritis,
1381 3498 1439 3539 nec
1462 3476 1561 3541 initia

313 3599 373 3640 nec
395 3575 504 3640 exitus
527 3591 698 3662 exoptatos
725 3589 881 3641 tractatus
904 3577 1005 3640 nostri
1028 3599 1138 3639 sumus
1161 3574 1313 3640 habituri.
1359 3576 1498 3664 Ideoque
1521 3595 1561 3642 ut

314 3676 486 3764 aliquando
518 3677 578 3741 hac
610 3701 717 3742 rerum
750 3676 981 3741 incertitudine
1015 3677 1229 3753 exsolvamur,
1263 3700 1345 3740 neve
1379 3692 1485 3741 vestra
1510 3702 1560 3743 re·

313 3778 492 3865 spondendi
520 3801 608 3843 mora
636 3779 781 3843 alterutri
804 3791 951 3841 nostrum
974 3778 1073 3840 noxia
1096 3776 1148 3853 sit,
1172 3777 1356 3863 putavimus
1378 3802 1395 3842 e
1419 3778 1559 3845 candore

313 3881 420 3967 gentis
443 3894 557 3943 nostrae
579 3902 657 3956 esse,
680 3879 840 3943 declarare
865 3893 1006 3943 mentem
1030 3878 1060 3941 S.
1081 3878 1118 3942 R.
1143 3879 1231 3941 Mztis
1254 3878 1376 3941 domini
1399 3879 1499 3942 nostri
1522 3879 1559 3943 in

314 4004 423 4066 pacem
447 3981 687 4066 amicitiamque
712 4002 911 4066 propensam,
935 3979 961 4042 si
984 3980 1042 4042 illa
1064 3978 1155 4042 vobis
1179 3979 1314 4066 placeat,
1331 3991 1387 4042 aut
1407 3978 1558 4043 siminus

313 4083 461 4157 arrideat,
496 4081 575 4145 adeo
599 4093 739 4167 apertam
763 4081 959 4166 minimeque
982 4080 1177 4157 simulatam,
1200 4094 1236 4143 ut
1258 4104 1291 4143 se
1315 4102 1435 4166 suaque
1459 4080 1558 4143 armis

311 4183 396 4246 tueri
420 4207 456 4246 ac
478 4183 660 4260 defendere,
682 4182 794 4246 divina
816 4182 987 4244 adiuvante
1011 4180 1122 4267 gretia,
1145 4204 1210 4244 non
1231 4181 1367 4245 dubitet.
1407 4179 1440 4244 Si
1462 4180 1557 4245 vobis

313 4282 420 4368 placet
457 4284 640 4369 negociatio
677 4282 775 4369 pacis,
809 4283 939 4345 mittant
972 4281 1044 4345 Rex
1078 4295 1185 4345 vester
1218 4295 1250 4345 et
1284 4280 1557 4368 D[ominati]ones

312 4397 425 4446 vestrae
448 4406 520 4445 suos
543 4407 614 4447 eum
635 4386 725 4468 justa
747 4407 783 4447 ac
806 4383 1017 4447 conveniente
1040 4397 1210 4469 potestate,
1233 4382 1289 4468 qui
1312 4395 1408 4469 agant
1430 4384 1468 4448 ad
1493 4384 1557 4471 pri·

398 4537 417 4597 ¹)
435 4540 538 4601 Tryclrt
555 4540 642 4588 bland
662 4540 696 4587 de
718 4544 806 4589 »Acta
824 4537 847 4601 4·
868 4541 969 4589 Litcroe
989 4541 1040 4587 Aa.
1061 4538 1168 4587 MDCX
1170 4539 1219 4589 XI
1224 4540 1245 4585 V
1261 4544 1286 4588 et
1306 4540 1446 4588 Maon
1450 4538 1472 4586 V
1482 4541 1556 4587 inter

312 4623 415 4671 Saenia
434 4620 456 4684 d
476 4622 592 4670 Poloaioe
611 4622 754 4672 Senatores
772 4626 964 4681 camminata»,
983 4638 1027 4671 om
1041 4623 1273 4671 hvilkanarmare
1286 4623 1375 4672 under
1388 4624 1466 4671 detta
1479 4622 1555 4672 breis

305 4712 379 4754 text.
411 4706 459 4756 Om
474 4706 595 4768 tldlgars
608 4706 790 4769 brelvttxllng,
801 4706 840 4770 jtr
854 4707 925 4756 Auel
940 4705 1133 4756 annstieraas
1145 4706 1267 4768 christan,
1277 4706 1298 4754 I:
1309 4708 1333 4766 2,
1345 4706 1392 4755 Nzo
1404 4710 1451 4753 417
1463 4721 1486 4755 ο.
1497 4710 1554 4755 418.
