3314 5362
112 752 161 805 48.
203 750 271 805 'riu
292 749 359 806 Jan
381 749 542 818 Rutgers.
786 746 988 804 Stookholm
1010 747 1043 801 d.
1066 747 1112 801 20
1133 744 1233 814 April
1255 746 1350 800 1625.

30 952 31 959 ἵ
114 965 242 1014 Hirriaar
258 966 304 1014 tul
321 965 385 1014 bret
403 963 466 1012 iren
484 963 630 1026 konungen
649 962 701 1012 och
719 961 763 1010 till
783 963 867 1025 kopla
885 962 915 1010 at
933 975 1005 1024 egna
1022 961 1064 1010 till
1085 960 1263 1010 Camerarius.
1296 958 1347 1009 Om

189 1048 222 1097 de
249 1049 333 1098 Lenta
358 1048 487 1097 ankomst
508 1046 572 1095 trdn
596 1046 839 1096 Generalstaterna
857 1045 919 1095 med
939 1046 1061 1108 begdran
1080 1060 1123 1095 orn
1142 1043 1349 1108 hjslprrupper;

187 1133 293 1181 befilet
319 1132 366 1181 vid
393 1130 487 1188 dessa;
513 1131 674 1193 konungens
704 1130 811 1179 onslran
839 1133 881 1179 att
906 1129 935 1179 fd
958 1130 1071 1179 behtlla
1093 1130 1164 1190 dem,
1181 1128 1275 1177 darent
1292 1128 1348 1176 han

188 1216 254 1279 sjall
271 1216 373 1279 droges
390 1217 419 1264 ln
438 1216 447 1263 l
466 1215 580 1264 stridon.

616 1342 743 1408 Nobilis
766 1342 836 1407 Vir.

189 1460 371 1550 Cognosces
393 1484 435 1527 ex
457 1462 560 1526 literis
583 1460 641 1525 Szae
663 1461 728 1525 Rae
751 1461 849 1539 llmis,
872 1461 995 1525 domini
1017 1461 1128 1536 nostri,
1151 1459 1189 1522 ad
1205 1471 1237 1524 te
1250 1471 1349 1544 atque

113 1562 280 1650 exemplari
302 1585 422 1638 aarum,
445 1585 523 1649 ques
546 1560 619 1626 dedi
643 1561 682 1627 ad
705 1562 870 1626 dominum
887 1560 1103 1627 Camerarium
1114 1562 1151 1644 ¹),
1172 1583 1236 1647 quo
1252 1561 1350 1625 modo

113 1662 140 1726 in
167 1663 224 1728 hac
250 1686 358 1729 rerum
380 1663 612 1727 constitutione
636 1685 672 1726 se
694 1684 851 1726 concursu
874 1662 945 1727 Rex
967 1676 1075 1727 noster
1097 1684 1130 1725 se
1153 1685 1264 1750 gerere
1287 1674 1349 1725 sta-

112 1765 213 1829 tuerit.
268 1763 330 1829 Sed
364 1787 433 1827 eam
468 1762 563 1827 rideo
597 1786 665 1828 esse
700 1762 906 1827 consiliorum
934 1764 1155 1850 propositique
1180 1762 1348 1827 incertitu-

114 1863 223 1967 dinem,
245 1881 282 1929 ut
305 1887 430 1951 semper
453 1863 552 1929 animi
576 1864 715 1950 pendere
738 1876 893 1949 oporteat,
917 1877 950 1927 et
972 1864 1017 1928 sic
1038 1864 1221 1928 occasiones
1237 1884 1350 1929 omnes

114 1964 153 2029 rei
174 1966 320 2053 gerendae
343 1964 492 2030 manibus
515 1964 682 2029 elabantur
703 1966 830 2028 nost-ris.

189 2066 279 2131 Nihil
314 2090 399 2130 nunc
432 2079 490 2142 est,
525 2065 612 2152 quod
645 2065 733 2130 hisce
767 2065 891 2141 addam,
924 2065 986 2128 nisi
1019 2065 1105 2151 quod
1136 2064 1286 2129 dominus
1308 2063 1348 2128 de

114 2166 227 2251 Lentu
260 2167 325 2230 huc
359 2181 433 2230 ante
466 2165 591 2253 aliquot
623 2164 692 2231 dies
719 2166 890 2251 appulerit,
914 2180 1010 2253 atque
1033 2167 1154 2251 Regem
1177 2188 1285 2230 meum
1308 2164 1351 2229 de

115 2268 262 2333 mittendo
297 2267 444 2331 Dominis
479 2266 652 2331 Ordinibus
685 2265 829 2331 subsidio
863 2266 1095 2344 sollicitaverit,
1122 2279 1191 2330 tum
1220 2278 1257 2330 ut
1278 2265 1349 2351 ipse

115 2370 207 2452 copiis
228 2368 328 2455 regiis
352 2367 577 2454 praeliceretur.
621 2367 707 2432 Illud
729 2367 825 2431 facile
848 2368 990 2431 obtinuit
1013 2369 1096 2454 opud
1120 2368 1253 2455 Regem,
1271 2366 1348 2431 emi·

116 2492 179 2533 eum
201 2483 233 2534 et
255 2469 457 2534 foederatum
481 2467 652 2548 Ordinunr;
674 2468 736 2532 hoc
758 2491 822 2532 non
845 2492 933 2555 aeque
955 2468 1051 2533 facile
1072 2469 1147 2546 fuit,
1168 2491 1241 2532 cum
1257 2467 1350 2532 nullo

112 2570 176 2653 jure
207 2592 313 2634 comes
341 2568 518 2634 Turnansis
546 2583 642 2656 atque
670 2569 725 2632 alii
748 2568 871 2656 egregii
894 2570 1016 2633 tribuni
1040 2570 1192 2656 praeteriri
1215 2570 1349 2655 possint.

115 2668 307 2758 Expedietur
330 2668 406 2735 hinc
428 2692 500 2734 cum
524 2692 676 2756 responso
699 2670 798 2734 biduo
820 2669 947 2735 abhinc.

190 2771 260 2835 Hoc
282 2779 359 2835 dero
383 2770 463 2834 mihi
486 2772 704 2835 admonendus
727 2794 761 2834 es
783 2769 816 2833 in
840 2793 936 2835 causa
958 2770 1093 2835 subsidii
1117 2772 1277 2848 mittendi,
1301 2786 1348 2847 ut,

115 2870 138 2934 si
167 2872 198 2935 in
230 2873 293 2936 isto
328 2872 474 2958 Hagensi
507 2893 679 2956 congressu
713 2871 892 2958 legatorum
926 2872 1004 2935 certi
1032 2871 1110 2958 qnid
1136 2872 1348 2937 constitutum

115 2970 204 3037 fuerit
228 2974 268 3038 de
295 2973 406 3059 aliqua
432 2971 616 3038 diversione
640 2971 716 3036 belli
739 2971 889 3036 socienda
910 2995 969 3059 per
991 2974 1113 3057 Regem
1137 2995 1255 3048 meum,
1278 2988 1349 3037 turn

116 3072 197 3138 nobis
223 3073 324 3160 copiae
346 3088 463 3138 nostrae
485 3073 720 3159 relinquantur3
744 3073 901 3159 siquidem
925 3074 1091 3159 augendus
1113 3096 1151 3136 eo
1174 3096 1261 3149 casu,
1285 3097 1349 3137 non

116 3173 294 3239 minuendus
316 3173 482 3239 exercitus
504 3174 613 3261 regius
636 3173 707 3238 erit.
748 3174 820 3260 Ego
836 3173 903 3238 haec
918 3186 1044 3238 tanturn
1061 3172 1232 3238 admonere
1248 3174 1349 3251 volui,

117 3288 148 3336 ut
177 3298 231 3339 suo
258 3276 330 3339 loco
352 3274 423 3340 eius
445 3273 656 3339 recordareris
679 3287 713 3338 et
735 3276 935 3361 quantocius,
959 3274 1036 3338 dum
1060 3274 1153 3339 miles
1175 3275 1210 3338 in
1231 3274 1351 3340 itinere

116 3395 214 3440 versus
236 3376 485 3462 Gothoburgum
509 3388 565 3455 est,
589 3375 754 3440 rescribas.
802 3375 890 3439 Vale.
934 3375 1102 3440 Dabuntur
1122 3375 1352 3441 Stoekholmiae

117 3473 163 3539 dia
183 3478 221 3542 20
242 3477 368 3564 Aprilis
389 3481 488 3541 Anno
511 3475 716 3541 MDOXXV.

765 3577 902 3662 Amplit.
926 3590 988 3641 tuae
1011 3577 1265 3643 studiosissimus

873 3678 1014 3740 Axelius

873 3778 1067 3843 Oxenstiern
1090 3802 1155 3866 mp.

191 3895 367 3982 Exemplar
381 3895 556 3971 literarum,
572 3918 650 3982 quas
667 3897 705 3959 ud
723 3894 940 3960 Camerarium
956 3894 1042 3974 dedi,
1058 3897 1146 3961 hisce
1162 3899 1350 3962 adiunctum

118 3997 310 4061 communica
342 4019 416 4060 cum
451 3994 594 4081 Speusio.
643 3996 725 4060 Mihi
756 3996 843 4060 enirn
866 4010 992 4061 tontum
1013 4000 1167 4085 temporis
1189 4023 1254 4063 non
1276 4001 1351 4077 fuit,

120 4109 151 4159 ut
170 4120 308 4161 curarem
332 4095 589 4161 describendum.
635 4096 726 4161 Vale.

191 4220 268 4270 Elter
291 4218 419 4283 original,
442 4219 560 4268 akrllvet
581 4218 644 4268 med
662 4219 729 4269 Lars
749 4220 857 4269 Nilsson
877 4220 997 4282 Tungals
1016 4222 1072 4281 stiI,
1090 4237 1154 4272 men
1172 4225 1235 4274 med
1253 4225 1352 4276 under·

119 4300 191 4352 skrltt
207 4304 257 4353 och
270 4304 371 4365 tillagg
389 4303 419 4352 at
435 4304 579 4352 kenelerns
598 4317 667 4366 egen
684 4302 769 4363 hand,
786 4305 796 4352 1
814 4304 997 4367 Rtkaarkivet,
1011 4305 1185 4369 Hollandtca,
1198 4309 1250 4358 rm
1266 4311 1353 4360 resld.

121 4384 272 4450 Rutgerslos,
290 4387 426 4450 itmiordt
444 4386 507 4435 med
525 4386 711 4450 egenhtndigt
728 4389 856 4451 konoept.

192 4501 211 4564 ¹)
230 4505 262 4555 Se
280 4507 366 4555 otvan
384 4505 432 4554 Nrr
450 4507 481 4553 38
500 4504 552 4553 och
571 4509 603 4553 39
622 4511 693 4553 samt
711 4509 795 4555 noten
815 4505 866 4554 sid.
886 4509 925 4554 68.

191 4584 211 4648 ¹)
228 4590 349 4639 Namnet
366 4588 557 4652 egenhandigt
575 4589 739 4640 tillskrlfret
758 4589 786 4637 et
803 4590 943 4639 kanslern.
