3248 5328
341 418 404 485 362

297 583 382 651 tiani
414 598 528 650 vestra
561 583 817 661 accommodabo,
843 583 1007 649 confidens
1033 584 1119 649 bona
1145 584 1209 649 fide
1232 583 1398 649 securitati
1421 596 1542 649 nostra·

296 685 383 751 tium
406 685 445 750 ab
469 685 519 751 lll.
541 686 624 751 Dzne
647 698 753 751 vestra
775 698 906 751 cautum
928 686 979 753 iri.
1024 685 1144 751 Datum
1166 698 1329 771 utsupra.

382 824 472 889 Kopla
489 826 500 874 1
517 822 549 874 Κ.
568 824 756 874 Statsarklvst
773 824 783 873 l
802 823 985 887 Konigaberg,
1003 823 1096 888 Ostpr.
1114 824 1171 874 E'ol.
1191 826 1239 873 828
1259 838 1282 872 a.

294 1283 370 1341 aaa.
414 1281 594 1339 nemausi
636 1281 691 1338 aar
729 1263 805 1339 lis
837 1281 929 1348 uota
965 1281 1276 1349 attentaturum.
1320 1280 1388 1337 oon
1423 1279 1546 1349 enula

419 1383 553 1451 fladlsn
575 1383 799 1441 sekretersre.
854 1383 979 1455 uerat
1000 1381 1059 1439 aid
1073 1381 1252 1440 falkeasa
1267 1381 1302 1437 d.
1317 1383 1338 1436 8
1353 1380 1432 1438 ort.
1448 1381 1546 1439 lesu.

295 1596 348 1649 Om
377 1597 587 1662 lbrbmdllngar
616 1598 664 1649 ald
692 1596 827 1647 Dlnsohau
857 1596 919 1647 mad
949 1597 983 1646 de
1013 1595 1109 1660 poleka
1136 1596 1370 1660 subdelasaterua
1396 1595 1544 1660 ruglanda

381 1682 441 1731 dela
459 1680 611 1744 llugsbyts
629 1695 675 1743 nu,
694 1681 754 1731 dela
772 1685 814 1733 stt
832 1682 951 1731 sllmunt
967 1680 1083 1745 lordrag
1100 1682 1218 1731 rorando
1232 1680 1447 1744 langntrcxllng
1459 1680 1544 1730 fram·

382 1766 465 1814 deles.

382 1897 411 1959 L
454 1894 545 1959 Diati
570 1894 694 1961 domini
720 1893 922 1981 subdelegati
946 1916 1075 1981 operam
1098 1892 1231 1971 dabant,
1253 1908 1291 1959 ut
1312 1895 1454 1959 erastino
1477 1893 1543 1969 die,

295 1996 354 2085 qai
388 2010 436 2061 est
469 1996 632 2073 Mercurii,
666 1996 744 2060 bora
777 2009 891 2061 octava
922 1995 1083 2061 matutina
1115 1994 1181 2059 sint
1207 1993 1415 2071 Dirschavioe,
1444 2008 1543 2081 atque

296 2098 388 2163 illinc
420 2097 568 2162 comitati
601 2097 836 2184 quinquaginta
867 2095 1031 2184 equitibus
1064 2095 1192 2159 obviam
1219 2109 1295 2161 eant
1320 2095 1544 2182 subdelcgstis

295 2197 438 2284 supremi
471 2196 664 2263 Cancellarii
691 2197 796 2284 Regni
823 2195 965 2262 Poloniae
991 2196 1063 2261 loco
1085 2196 1171 2262 inter
1192 2195 1357 2262 civitatem
1381 2210 1415 2261 et
1437 2208 1543 2261 eastra

296 2297 498 2363 intermedio.

381 2404 410 2464 2.
455 2398 627 2485 Congressi
660 2421 733 2463 cum
767 2398 929 2463 Polonicis
962 2398 1178 2483 subdelegatia
1211 2397 1314 2483 primo
1347 2396 1482 2483 quidem
1506 2418 1543 2462 se

294 2500 460 2588 ablegatos
493 2498 730 2585 significabunt,
757 2511 793 2563 ut
818 2512 916 2586 agant
942 2521 1001 2586 pro
1024 2497 1174 2563 libertato
1196 2520 1317 2574 eorum,
1339 2499 1396 2585 qui
1418 2513 1544 2563 nosue·

294 2601 379 2665 tium
406 2600 467 2664 hoc
495 2599 579 2664 bello
607 2600 695 2687 eapti
723 2612 903 2677 teneantur,
926 2599 1086 2686 siquidem
1107 2598 1142 2664 id
1165 2598 1366 2665 Cancellaria
1388 2621 1542 2684 supremo

295 2701 402 2788 Regni
431 2699 573 2764 Poloniae
598 2723 663 2764 nan
691 2700 796 2764 visum
820 2700 862 2764 sit
884 2700 1040 2765 absonum
1063 2714 1096 2766 st
1117 2700 1358 2778 inconveniens,
1381 2713 1419 2764 ut
1440 2700 1542 2765 simul

293 2815 328 2866 et
350 2803 389 2867 de
411 2801 451 2865 iis
473 2800 646 2866 liberandis
668 2813 838 2877 statuatur,
861 2801 917 2888 qui
938 2801 974 2865 in
996 2815 1105 2866 nostra
1125 2815 1200 2866 suut
1215 2812 1385 2886 potestate.
1419 2799 1542 2865 Mutuo

293 2903 394 2988 igitur
426 2901 671 2966 commutabunt
703 2901 904 2988 captivorum
931 2901 1072 2977 nomina,
1099 2901 1224 2967 adiecta
1250 2903 1415 2993 cujusque*
1429 2900 1544 2967 condi·

294 3004 392 3079 tione,
419 3018 451 3068 et
472 3003 612 3067 rationes
634 3002 775 3079 inibunt,
798 3024 918 3077 eorum,
943 3002 998 3088 qui
1021 3025 1105 3066 nunc
1128 3003 1279 3087 utrinque
1302 3016 1463 3080 tenentur,
1487 3004 1542 3068 rel

293 3105 545 3170 commutatione
568 3105 621 3169 vel
644 3102 866 3189 redemptione
889 3102 1056 3167 liberandi.

378 3208 407 3270 3.
452 3204 485 3269 si
519 3205 678 3293 placuerit
711 3204 932 3279 commutatio,
966 3203 1169 3290 subdelegati
1202 3204 1303 3268 nostri
1330 3204 1478 3283 offerent,
1502 3221 1543 3270 ut

295 3329 416 3384 omnes,
439 3319 599 3393 quotquot
620 3306 653 3370 in
677 3306 762 3369 hunc
785 3305 871 3371 diem
894 3306 981 3391 eapti
1004 3318 1089 3381 sunt,
1109 3328 1166 3368 seu
1186 3303 1250 3380 hic,
1267 3328 1323 3368 seu
1339 3305 1373 3368 in
1389 3304 1542 3384 Livonia,

294 3409 515 3495 cujuscunque
549 3406 614 3471 sint
646 3406 785 3470 nominis
818 3420 850 3470 et
883 3405 1088 3483 conditionis,
1118 3404 1212 3470 liberi
1234 3405 1457 3482 demittantur,
1482 3430 1542 3474 seu

293 3508 399 3593 plures
421 3528 476 3571 seu
498 3508 665 3593 pauciores
688 3507 816 3591 majoris
839 3505 1012 3571 minorisve
1034 3506 1228 3571 conditionis
1251 3507 1323 3571 sint.

377 3610 407 3670 4.
452 3607 544 3687 Quod
572 3608 599 3672 si
626 3608 734 3693 potius
761 3622 871 3693 captos
898 3609 984 3672 inter
1004 3630 1037 3671 se
1060 3607 1239 3694 comparari
1261 3605 1303 3693 [oz
1326 3606 1401 3694 ari]
1423 3609 1543 3689 velint,

293 3720 331 3772 ut
363 3730 462 3772 unum
497 3730 553 3792 pro
582 3708 683 3772 altero
705 3708 834 3795 aequalis
856 3707 1050 3772 conditionis
1072 3708 1134 3785 vel,
1159 3708 1186 3772 si
1207 3707 1265 3772 illo
1288 3708 1404 3784 desint,
1429 3710 1543 3796 plures

294 3831 351 3895 pro
380 3831 444 3872 uno
467 3808 567 3884 reddi,
591 3822 628 3871 ut
650 3808 825 3873 multitudo
847 3808 1043 3873 conditionis
1067 3808 1184 3873 vitium
1207 3811 1367 3897 suppleat,
1391 3809 1543 3877 subdele-

293 3910 361 3998 gati
394 3911 468 3987 mei,
501 3909 631 3995 cognito
663 3931 797 3974 numero
824 3909 1034 3995 etqualitate
1056 3910 1257 3987 nostratium,
1281 3911 1379 3975 etiam
1402 3935 1437 3977 se
1461 3913 1543 3978 huic

294 4012 388 4075 modo
410 4010 707 4074 accommodabant.

376 4114 405 4174 5.
458 4111 513 4175 Sin
539 4110 588 4175 illi
613 4112 716 4196 pretio
738 4111 912 4177 maluerint
933 4112 1048 4176 redimi
1070 4113 1224 4198 captivas,
1247 4112 1310 4177 mei
1333 4112 1543 4203 subdelegati

291 4234 366 4275 cum
399 4211 562 4275 Polonicis
594 4213 778 4276 tractabunt
811 4214 850 4276 de
885 4214 1044 4298 cujusque
1076 4213 1191 4298 pretio,
1224 4213 1315 4300 sique
1340 4212 1374 4277 id
1397 4214 1544 4282 formare

291 4312 407 4376 volunt
429 4313 467 4376 ad
491 4314 648 4398 cujusque
671 4312 878 4399 stipendium,
900 4315 986 4399 quod
1011 4328 1208 4378 menstruum
1230 4326 1339 4390 meret,
1353 4314 1387 4378 id
1402 4316 1544 4400 quidem

292 4426 425 4498 putatur
450 4414 676 4499 aequissimum.
725 4413 780 4476 Sin
804 4414 919 4493 minus,
942 4414 1066 4479 dabunt
1087 4437 1228 4501 operam,
1252 4429 1288 4479 ut
1311 4414 1453 4498 pretium
1478 4432 1545 4484 ats-

291 4526 400 4578 tuatur
432 4514 608 4598 cujuslibet
642 4537 768 4600 aequum
802 4530 834 4579 et
868 4515 982 4601 opibus
1017 4538 1053 4579 ac
1087 4515 1273 4580 conditione
1305 4517 1463 4604 cujusque
1492 4544 1546 4586 re·

291 4613 461 4700 spondens.
