3264 5354
290 763 344 815 29.
388 759 457 814 'rm
478 760 587 815 Lndv.
610 759 837 816 camerarius.
988 758 1190 816 stockholm
1212 759 1246 815 d.
1268 761 1308 814 18
1329 756 1423 814 Mars
1447 758 1541 815 lcan.

292 975 349 1024 Har
373 988 471 1038 ganum
498 974 562 1023 bret
588 974 652 1023 tren
679 974 716 1032 0.,
741 974 828 1037 Spens
850 974 901 1024 och
920 974 1008 1023 Bellis
1027 975 1174 1035 tndtltgen
1192 973 1248 1023 trit
1265 972 1319 1021 den
1337 974 1470 1036 engelsks
1491 973 1542 1021 ko·

374 1070 498 1121 nungens
525 1070 588 1106 svar
614 1056 651 1120 pt
677 1058 726 1106 dat
752 1057 870 1107 srenska
896 1057 1027 1108 anbudet.
1072 1058 1208 1108 Konstsrn
1232 1057 1350 1116 beiarar,
1369 1061 1413 1105 stt
1430 1056 1542 1106 donnes

376 1141 543 1191 rankelmod
561 1142 613 1191 och
630 1141 784 1190 Dsnmarks
801 1140 980 1192 otdrrnodads
998 1143 1050 1192 och
1063 1142 1229 1191 mtssttnkte
1241 1141 1434 1204 upptrtdanda
1447 1141 1543 1190 skulle

375 1228 443 1287 gora
466 1225 530 1275 bela
550 1226 654 1289 planen
677 1240 720 1275 om
739 1225 823 1284 intet;
842 1225 942 1275 uastat
958 1227 1044 1277 Adolr
1060 1226 1127 1275 ritis
1145 1225 1239 1275 curor
1256 1223 1282 1287 ej
1302 1225 1390 1274 sanda
1409 1224 1544 1274 beskiok·

375 1311 443 1372 ning
469 1309 515 1359 till
542 1310 621 1372 Heag
642 1309 686 1358 ior
708 1314 751 1359 att
770 1310 829 1360 lrta
847 1309 933 1360 acken
952 1310 1003 1360 dtr
1020 1311 1139 1373 sigorae,
1158 1324 1221 1358 men
1239 1311 1284 1358 vel
1304 1308 1356 1358 dar
1372 1308 1432 1357 lita
1449 1308 1543 1372 Spsna

376 1393 428 1443 och
455 1392 570 1457 Rutgcrs
597 1393 695 1443 atheta
718 1390 761 1457 pt,
785 1398 878 1443 atter
897 1394 983 1443 stdan
1002 1395 1011 1443 t
1031 1394 1110 1443 detta
1127 1393 1201 1455 syrte
1221 1392 1332 1455 atginge
1351 1394 1397 1441 till
1417 1392 1543 1454 Sverm,

375 1478 489 1527 hesrom
515 1481 640 1526 afirmare
667 1479 677 1527 1
703 1478 864 1541 konungsns
890 1482 954 1541 eget
980 1478 1049 1526 bref.
1094 1477 1248 1539 Konnngen
1271 1476 1329 1526 star
1345 1477 1403 1526 fast
1420 1476 1466 1525 rid
1487 1478 1543 1525 sttt

375 1563 488 1625 wrong,
510 1561 606 1612 chalon
631 1561 736 1620 dunin,
754 1561 998 1625 nddrtndigheten
1017 1562 1047 1610 at
1064 1567 1141 1611 storo
1157 1563 1373 1625 ttnrnstnrngm
1392 1562 1545 1622 mantngar

376 1645 421 1695 till
440 1646 468 1694 G.
488 1650 532 1694 att
549 1646 646 1695 arbato
663 1645 708 1695 tor
726 1646 812 1695 saksn
829 1646 894 1695 med
912 1647 951 1695 all
968 1646 1054 1695 makt.

460 1730 488 1778 P.
511 1728 536 1777 S.
581 1728 809 1779 Underrattelser
833 1729 895 1779 trau
922 1729 1062 1779 Danmnrk
1085 1729 1143 1792 inst
1165 1728 1314 1793 lngbngna,
1331 1743 1389 1778 som
1408 1729 1476 1788 risa,
1496 1732 1544 1776 att

377 1815 425 1864 det
442 1814 540 1862 ttukte
560 1812 643 1876 etega
660 1814 703 1876 εἰς
720 1812 774 1863 den
793 1814 970 1878 evengeltska
987 1813 1080 1862 acken.

742 1942 914 2029 Magnifice
937 1942 1085 2006 Domine.

378 2059 547 2124 Advenere
574 2060 704 2124 tandem
727 2059 828 2125 literae
850 2083 869 2124 a
890 2060 1020 2125 domino
1045 2059 1221 2146 'Speusio‘
1234 2060 1261 2143 ¹)
1283 2072 1317 2124 ct
1340 2057 1540 2135 'Bellinio‘‚

292 2161 523 2247 propemodum
558 2160 719 2224 comitatae
752 2161 826 2239 tuis,
861 2160 945 2225 datis
979 2162 1008 2224 7.
1036 2160 1130 2224 Febr.
1153 2158 1259 2247 st[ilo]
1279 2158 1440 2247 n[ovo]¹)
1485 2158 1541 2221 Ex

291 2261 380 2325 hisce
408 2262 437 2325 S.
466 2262 504 2325 R.
533 2260 629 2325 Mztas
655 2260 805 2325 dominus
827 2284 916 2325 meus
940 2261 1067 2326 abunde
1090 2260 1265 2339 intellexit,
1288 2273 1408 2347 quanto
1431 2258 1541 2322 studio

292 2375 326 2427 et
358 2374 394 2426 tu
428 2362 500 2426 loco
533 2375 590 2425 tuo
625 2378 658 2427 et
691 2362 800 2439 ceteri,
834 2361 951 2449 quibus
981 2361 1015 2426 id
1037 2362 1219 2426 iniunctum
1241 2360 1314 2437 fuit,
1337 2361 1371 2424 in
1396 2357 1543 2446 *Anglia

292 2463 417 2549 egerint
450 2486 579 2527 causam
613 2462 760 2527 faederis*
795 2485 852 2549 pro
884 2464 929 2526 rei
963 2461 1142 2526 communis
1168 2461 1374 2526 restitutione
1401 2485 1437 2525 ac
1463 2480 1542 2523 con·

292 2563 470 2628 servatione
500 2561 672 2651 jungendi.
728 2562 799 2627 Hoc
827 2563 924 2628 etiam
952 2562 1140 2640 obtinuisse,
1168 2577 1204 2627 ut
1228 2560 1318 2627 ’Rex
1341 2558 1540 2625 Britanniae*

292 2663 490 2729 consenserit
522 2664 555 2726 in
590 2665 840 2729 'directionem'
875 2664 976 2728 totius
1005 2664 1133 2751 negocii
1162 2663 1264 2750 *Regi
1291 2662 1384 2726 meo*
1407 2683 1541 2725 concre-

292 2765 447 2843 dendam3
479 2776 547 2828 turn
583 2764 616 2828 in
647 2765 776 2829 tertiam
804 2778 928 2851 partem
956 2787 1089 2828 onerum
1112 2764 1145 2828 in
1168 2787 1202 2827 sc
1225 2763 1478 2850 suscipiendam
1501 2785 1541 2826 ac

291 2866 431 2951 denique
453 2864 584 2929 hortatu
608 2864 765 2952 *Speusii
790 2864 940 2930 Bellinii'
965 2888 1001 2928 ac
1025 2864 1220 2929 ‘Rrratorfii’
1243 2863 1330 2929 diem
1348 2862 1541 2949 congressui

292 2966 471 3053 legatorum
494 2964 614 3030 dixisse
637 2968 670 3052 33
693 2966 826 3052 Aprilis,
849 2966 1020 3052 locumque
1045 2966 1170 3053 Hagam
1192 2965 1328 3029 Comitis
1345 2964 1540 3029 nominasse.

292 3066 411 3154 Magna
447 3066 515 3130 haec
549 3083 633 3143 suut,
666 3068 779 3143 fateor,
811 3080 844 3130 et
866 3090 955 3153 spem
978 3067 1114 3144 faciunt,
1137 3089 1202 3130 rem
1226 3066 1309 3130 serio
1333 3065 1395 3151 egi.
1440 3064 1541 3128 Atsi

293 3167 480 3255 *ingenium
514 3167 632 3254 Regis*
667 3179 802 3254 spectes,
838 3167 981 3232 ’moras’
1015 3191 1057 3231 ex
1089 3167 1155 3231 levi
1188 3189 1282 3230 causa
1314 3165 1474 3231 nectentis
1506 3181 1542 3228 et

293 3281 406 3356 praeter
435 3267 542 3332 omnia
569 3267 692 3332 bellum
715 3267 900 3343 aversantis,
923 3291 987 3332 non
1010 3268 1171 3332 immerito
1194 3291 1322 3331 causam
1345 3267 1385 3331 de
1408 3264 1540 3329 consilii

292 3390 463 3457 progressu
486 3368 656 3433 dubitandi
679 3364 845 3432 habemus.

377 3468 515 3534 Accedit
548 3468 657 3533 subita
690 3469 758 3533 haec
794 3470 1019 3533 'consiliorum
1055 3470 1191 3533 mutatio
1225 3468 1257 3532 in
1293 3467 1427 3533 Donia'.
1473 3468 1540 3546 Qui

292 3570 379 3635 enim
412 3569 566 3635 hactenus
600 3593 659 3634 uec
688 3593 842 3657 prospera
869 3593 996 3633 suorum
1020 3571 1160 3645 fortuna,
1183 3593 1224 3633 ex
1247 3592 1310 3655 qua
1332 3582 1365 3632 et
1387 3569 1457 3654 ipse
1481 3566 1541 3632 ali·

293 3671 371 3756 quid
405 3693 531 3757 sperare
564 3684 700 3758 poterat,
735 3694 793 3735 nec
827 3670 944 3736 attritis
978 3694 1088 3735 eorum
1118 3669 1212 3734 rebus
1240 3683 1336 3756 etque
1359 3668 1539 3734 etiamnum

292 3771 435 3835 remedio
463 3774 556 3857 aptis,
579 3772 686 3835 ullave
708 3772 987 3836 commiseratione
1009 3785 1067 3835 aut
1088 3770 1332 3835 imminentibus
1355 3792 1540 3834 accrescen-

292 3870 420 3935 tibusve
454 3871 606 3957 periculis
639 3874 705 3936 suis
739 3872 860 3937 moveri
894 3873 1009 3957 potuit,
1039 3873 1067 3936 is
1096 3873 1180 3935 *tam
1203 3872 1319 3948 subito,
1343 3885 1409 3935 tam
1431 3871 1541 3957 inopi·

292 3973 400 4051 nato',
433 3971 528 4037 rebus
560 3976 793 4060 propemodum
828 3973 1015 4059 desperatis,
1049 3995 1178 4037 manum
1205 3973 1344 4058 denique
1367 3970 1540 4036 admovere

291 4075 393 4160 cupit,
416 4074 566 4149 incertus,
590 4075 667 4160 quid
690 4075 788 4138 ceteri
810 4073 929 4138 facturi
951 4074 1025 4150 sint,
1049 4097 1068 4137 a
1088 4074 1216 4137 nemine
1238 4074 1301 4137 nisi
1321 4096 1384 4136 uno
1406 4072 1540 4159 *legato

377 4262 397 4323 ¹)
416 4262 509 4314 orden
527 4266 601 4313 tuom
620 4263 771 4313 astertsker
787 4262 797 4311 i
816 4263 966 4322 onsstnalst
983 4260 1047 4312 mad
1065 4262 1171 4312 chtflar.

375 4345 397 4407 ²)
415 4348 503 4412 Spens
526 4349 579 4398 och
602 4349 705 4397 Belltns
727 4349 791 4397 bret
808 4347 852 4397 till
870 4346 1008 4405 banalem,
1027 4346 1102 4397 bida
1120 4347 1149 4395 at
1167 4347 1192 4394 d.
1212 4351 1244 4395 20
1261 4346 1334 4405 dan,
1353 4352 1426 4396 ranst
1444 4347 1540 4397 Game-

290 4433 357 4480 rarii
384 4434 474 4482 finnus
502 4434 510 4481 i
538 4432 722 4492 Bikourklvet
749 4431 968 4481 Oxenstiernska
995 4431 1161 4493 snmlingem
1189 4431 1238 4480 det
1264 4431 1334 4480 sista
1351 4435 1383 4479 tr
1400 4431 1539 4494 darjtmte

292 4515 386 4578 tryokt
412 4517 461 4565 bos
488 4513 733 4578 Schybergson‚
761 4515 883 4580 Sacripor
904 4531 925 4562 o.
952 4510 1084 4564 Hellaudr
1106 4514 1174 4580 dipl.
1186 4512 1269 4576 fiiri„
1288 4515 1338 4563 sid.
1359 4519 1407 4563 150
1425 4515 1453 4563 ff.
1490 4515 1540 4564 lttt

291 4600 356 4648 bret
373 4600 402 4647 at
420 4600 504 4662 Speos
522 4600 567 4648 tiu
585 4599 732 4664 konungen
751 4601 781 4649 at
799 4600 824 4649 d.
845 4602 873 4646 tl
893 4599 955 4647 Jan.
974 4599 1061 4648 finnes
1081 4600 1090 4647 l
1109 4598 1293 4657 Riksarktvet,
1311 4599 1436 4662 Anglica‚
1450 4600 1538 4662 Speos

291 4684 474 4745 brefvexltng.
