3264 5354
344 453 363 516 6

305 620 345 684 ad
369 633 515 707 rogatum
540 619 671 684 Caesaris
693 643 754 685 nec
776 620 815 684 ad
839 620 1026 686 instantiam
1049 620 1197 686 Saxoniae
1219 620 1404 685 consentire
1426 620 1461 684 in
1485 621 1550 685 Ba·

304 743 435 785 vareum
460 719 610 785 voluerit
644 720 738 786 Certe
761 720 991 786 Serenissimns
1012 735 1087 785 tuus
1109 721 1161 808 pie
1183 722 1264 787 facit
1285 722 1319 785 in
1341 721 1550 809 religionem,

303 834 337 885 et
370 833 463 885 cante
489 820 524 884 in
551 820 793 908 rempublicam,
818 822 904 909 quod
926 823 960 886 in
983 821 1204 887 Conventibus
1227 822 1465 887 Electoralibus
1489 838 1550 887 ant

304 920 454 985 Comitiis
486 920 712 1008 Imperialibus
738 944 772 985 se
797 937 894 1008 atque
917 945 992 987 suos
1014 938 1165 987 votorum
1187 923 1396 988 multitudine
1417 924 1551 1011 gravari

303 1021 402 1101 nolit;
435 1036 531 1108 atque
565 1023 690 1086 utinam
723 1022 836 1087 eadem
870 1025 1052 1088 constantia
1079 1039 1113 1088 ct
1136 1023 1192 1088 alii
1214 1022 1266 1087 usi
1292 1039 1410 1098 essent,
1436 1025 1550 1088 forsan

302 1144 352 1186 res
374 1145 563 1186 communes
584 1123 690 1188 minus
713 1123 905 1188 laborarent.

388 1222 588 1310 Interceptos
621 1225 656 1288 in
683 1224 818 1289 Polonia
845 1225 970 1312 legatos
992 1225 1208 1311 Transylvani
1232 1225 1294 1289 huc
1317 1227 1430 1289 missos
1452 1225 1553 1289 intel·

303 1322 444 1388 leximus
473 1325 542 1408 jam
577 1337 660 1401 ante,
693 1324 748 1391 sed
782 1326 843 1391 tibi
876 1349 934 1412 pro
967 1326 1204 1391 communicata
1236 1325 1306 1391 eius
1331 1325 1552 1390 instructione

304 1423 424 1510 gratias
458 1445 534 1513 ag03
569 1449 605 1490 ac
638 1450 716 1514 rogo
750 1426 776 1490 si
810 1426 887 1513 quid
922 1428 992 1491 eius
1025 1426 1224 1513 inposterum
1252 1426 1431 1511 contingat,
1455 1440 1493 1490 ut
1513 1424 1555 1490 id

304 1525 404 1590 officii
438 1525 517 1590 mihi
549 1527 668 1592 iterum
696 1541 841 1614 praestes3
869 1529 950 1592 scito
973 1550 1024 1591 me
1047 1527 1116 1613 pari
1141 1528 1395 1615 promptitudine
1418 1548 1552 1613 respon·

304 1645 425 1688 surum.
474 1627 566 1707 Quod
601 1629 719 1693 attinet
751 1628 991 1693 matrimonium
1019 1630 1202 1715 expetitum
1229 1651 1304 1693 cum
1327 1628 1554 1692 Illustrissima

306 1724 456 1811 Principe
479 1727 653 1792 Cathurina
675 1729 808 1815 Reginae
830 1741 945 1794 nostrae
967 1752 1084 1805 sorore,
1108 1728 1138 1793 S.
1163 1728 1199 1792 R.
1223 1730 1319 1793 Mttas
1341 1751 1398 1815 pro
1414 1752 1462 1806 ea,
1478 1752 1554 1815 quae

305 1824 368 1910 ipsi
390 1849 477 1892 nunc
498 1828 672 1895 intercedit
693 1854 768 1895 cnm
790 1830 887 1894 domo
910 1830 1182 1917 Brandeburgica‚
1205 1828 1454 1905 moestitudine,
1478 1852 1557 1915 pro-

307 1948 369 2011 que
403 1951 440 1992 eo
468 1929 598 2009 affectu,
625 1955 691 2018 qno
720 1931 970 1996 illustrissimam
999 1930 1180 2017 Principem
1202 1930 1443 2015 complectitur,
1466 1930 1555 1994 nihil

306 2041 442 2114 exoptat
469 2030 581 2118 magis,
604 2055 700 2117 qnam
723 2046 760 2097 ut
782 2033 829 2096 illi
854 2031 966 2097 felicia
988 2055 1122 2118 quaeque
1144 2031 1345 2118 contingant,
1367 2054 1428 2095 nec
1450 2029 1554 2094 facile

306 2128 420 2193 author
447 2131 574 2196 consilii
597 2133 733 2198 alicuius
756 2156 825 2198 esse
848 2133 946 2209 volet,
969 2133 1062 2197 cuius
1085 2130 1138 2195 vel
1160 2131 1343 2197 Electorem
1366 2133 1474 2218 ipsum
1497 2132 1555 2197 vel

306 2228 408 2314 ipsam
442 2230 625 2320 Principem
660 2234 830 2322 aliquando
852 2232 1004 2320 penitere
1027 2234 1139 2318 possit.
1183 2231 1362 2313 Quominus
1385 2245 1494 2297 autem
1517 2234 1554 2297 id

306 2328 503 2409 dissuadeat,
531 2334 639 2399 obstat
662 2336 765 2422 primo
787 2334 919 2421 quidem
941 2356 1018 2397 cura
1040 2333 1222 2398 communis
1244 2333 1291 2397 rei
1314 2334 1555 2410 conservandae,

299 2440 377 2516 'quae
398 2431 503 2497 isthoc
527 2435 731 2499 matrimonio
752 2436 883 2501 videtur
904 2435 1140 2523 quodammodo
1154 2434 1264 2500 fnlciri
1280 2456 1383 2521 pesse,
1399 2456 1436 2498 sc
1451 2435 1557 2498 Tran-

307 2532 461 2616 sylvanue
494 2535 637 2614 retineri,
669 2552 707 2602 nt
740 2536 852 2602 eodem
886 2535 1006 2612 studio,
1039 2559 1104 2623 quo
1138 2535 1304 2611 hactenus,
1331 2534 1493 2620 impediat
1515 2559 1556 2600 ac

308 2632 462 2699 distineat
494 2637 589 2702 nimis
622 2651 866 2703 excrescentem
899 2638 1088 2723 potentiam.
1132 2637 1271 2701 Obstant
1297 2636 1413 2701 deinde
1439 2636 1556 2701 laudes

307 2734 410 2821 ipsius
432 2735 593 2824 Principis
615 2738 828 2825 Transylvani
851 2739 1025 2802 multorum
1046 2738 1167 2824 linguis
1189 2761 1225 2802 ac
1245 2737 1349 2803 literis
1364 2737 1556 2813 decantatas,

308 2847 342 2899 et
363 2839 449 2923 quod
472 2861 513 2902 ex
535 2838 595 2903 hac
618 2838 780 2927 legatione
805 2852 912 2926 pateat
933 2838 1027 2903 illum
1050 2837 1227 2902 amicitiam
1251 2838 1282 2901 S.
1303 2839 1340 2901 R.
1358 2838 1445 2902 Mztis
1461 2860 1556 2923 reque

310 2959 346 3001 ac
368 2937 527 3004 Electoria
551 2939 805 3027 Brundeburgici
827 2941 945 3004 ceteris
967 2941 1131 3026 praeferre3
1153 2962 1218 3025 quo
1241 2937 1287 3015 fit,
1304 2953 1340 3002 ut
1355 2938 1386 3002 S.
1403 2938 1440 3002 R.
1457 2938 1557 3003 Mass

308 3038 428 3124 mquior
460 3063 519 3104 suo
548 3041 623 3125 jure
656 3042 801 3127 partibus
833 3043 904 3127 ejus
938 3063 1007 3106 esec
1033 3040 1160 3105 debeat.
1205 3039 1327 3104 Verum
1353 3062 1427 3104 curn
1450 3052 1557 3103 status

308 3139 398 3204 illius
421 3141 581 3229 Principis
603 3143 746 3207 Electori
768 3142 831 3230 ipsi
855 3143 957 3208 multo
980 3141 1023 3206 sit
1043 3141 1150 3206 notior
1172 3163 1268 3227 quam
1291 3141 1322 3205 S.
1346 3140 1382 3204 R.
1408 3139 1490 3217 Mai,
1508 3156 1559 3204 st·

310 3264 373 3325 que
406 3242 439 3304 in
473 3243 577 3306 causis
612 3243 902 3308 matrimonialibus
936 3258 970 3308 et
1001 3242 1137 3329 virginis
1165 3257 1199 3306 et
1220 3242 1331 3305 matris
1353 3263 1485 3328 quoqne
1509 3242 1559 3305 af-

309 3344 416 3408 fectus
439 3366 497 3407 suo
516 3345 590 3427 jure
614 3346 654 3409 eit
678 3345 912 3431 ponderandus,
936 3344 1050 3407 merito
1074 3342 1140 3406 hac
1157 3341 1366 3407 Serenissimo
1381 3354 1440 3405 tuo
1457 3352 1558 3428 atque

310 3466 432 3521 eorum,
455 3468 593 3531 qnorum
616 3445 804 3532 cumprimis
825 3444 969 3519 interest,
993 3442 1126 3508 arbitrio
1149 3442 1391 3528 permittuntur.
1556 3435 1561 3442 ¹

394 3546 496 3611 Lecta
517 3569 644 3633 quoque
667 3548 697 3610 S.
721 3547 758 3611 R.
782 3546 853 3610 Mtti
877 3561 961 3622 sunt,
984 3569 1053 3631 quse
1075 3565 1179 3629 nuper
1199 3543 1285 3608 inter
1306 3542 1558 3608 Serenissimum

312 3658 405 3709 tunm
429 3669 465 3709 ac
488 3647 613 3712 Ducem
637 3648 907 3712 Brunsviceneem
928 3645 963 3710 in
985 3669 1082 3710 causa
1103 3643 1334 3708 reconciliandi
1357 3644 1557 3708 matrimonii

310 3746 396 3811 inter
410 3746 497 3812 hunc
515 3763 548 3812 et
563 3771 704 3813 sororem
720 3746 934 3813 Electcralem
952 3760 1023 3810 acta
1038 3758 1122 3810 sunt.
1152 3744 1239 3809 Bene
1249 3746 1357 3809 facere
1369 3744 1558 3809 illectorem

312 3850 343 3914 S.
367 3850 403 3913 R.
427 3850 522 3914 Mttas
540 3850 677 3933 judicat.
700 3849 786 3936 quod
809 3847 925 3913 sororis
947 3871 1011 3911 sure
1033 3848 1152 3910 famam
1176 3869 1212 3910 ac
1235 3845 1428 3934 dignitatem
1449 3860 1560 3910 tutan·

311 3952 384 4016 dam
418 3950 585 4036 suscipiat,
618 3973 676 4014 nec
709 3951 851 4037 patiatur
883 3972 954 4013 eam
988 3948 1146 4013 maculam
1180 3946 1292 4010 domui
1325 3970 1388 4011 suae
1421 3946 1558 4033 impune

312 4051 413 4129 innri3
447 4073 507 4116 neo
540 4052 682 4130 modum,
717 4074 812 4137 quem
846 4051 879 4114 in
906 4048 1109 4137 procedendo
1131 4046 1263 4111 Elector
1284 4048 1382 4134 cepit,
1406 4047 1436 4110 S.
1461 4046 1559 4112 Mttas

313 4152 482 4236 improbat.
527 4150 609 4215 Cum
632 4153 718 4215 enirn
742 4152 846 4215 amica
868 4173 905 4214 sc
931 4149 1099 4214 familiaris
1125 4148 1326 4235 compositio,
1348 4148 1401 4212 cni
1424 4147 1560 4232 quidem

313 4253 437 4340 primus
459 4252 551 4317 locus
572 4253 687 4316 merito
710 4253 857 4327 debetur,
879 4274 943 4314 non
964 4250 1150 4336 recipiatur,
1170 4249 1245 4332 jure
1269 4247 1308 4311 ad
1332 4249 1466 4313 alteram
1483 4271 1560 4313 con-

313 4353 538 4417 stitutionibus
560 4352 689 4438 imperii
712 4352 929 4439 prescriptam
952 4350 1212 4416 descendendum
1236 4350 1307 4413 erit.
1342 4350 1464 4430 Quodsi
1480 4372 1559 4413 vero

314 4454 410 4519 aliter
436 4453 680 4519 Brunsvicensis
703 4453 791 4518 flecti
819 4465 935 4541 posset,
960 4464 1046 4517 esset
1068 4450 1100 4515 id
1124 4450 1255 4537 quidem
1278 4476 1295 4515 e
1318 4475 1361 4528 re,
1387 4464 1423 4515 ut
1445 4465 1560 4515 mutuo

314 4578 422 4621 amore
454 4552 700 4640 redin[tekrato
734 4553 774 4617 ad
801 4553 938 4640 pristina
961 4553 1036 4637 jura
1064 4550 1211 4638 coniugii
1232 4553 1387 4631 redirent,
1411 4566 1445 4616 at
1467 4551 1559 4617 hisce

314 4656 442 4721 reiectis
476 4668 573 4741 atque
607 4654 774 4742 neglectis,
807 4653 840 4717 id
875 4654 960 4739 quod
995 4654 1056 4718 erit
1089 4676 1132 4717 ex
1165 4675 1225 4716 usu
1253 4667 1287 4717 et
1308 4653 1469 4740 dignitate
1492 4666 1560 4718 tam
