3264 5354
1227 463 1266 525 27

22 582 23 585 =
80 626 136 690 Rex
165 642 245 693 tuus
274 651 311 692 ao
338 628 442 694 ceteri
463 628 504 692 de
526 627 623 692 hisce.
668 628 795 693 Obtulit
817 626 847 692 S.
871 630 909 694 R.
933 628 1026 693 Mass
1049 628 1197 694 Dominis
1220 628 1313 695 Ordi-

79 727 157 791 nibus
189 726 406 794 Generalibns
438 728 535 805 490⁰
567 729 714 815 peditum
739 729 851 794 futuro
872 751 972 795 rare.v
1004 730 1074 794 Hos
1096 730 1232 794 missura
1253 742 1312 801 est,

79 829 182 894 siRex
205 830 320 894 Daniae
343 852 514 894 commune
536 829 707 916 negocium
730 831 891 917 agendum
914 831 1101 917 susceperit,
1125 843 1163 894 ut
1179 830 1311 895 Domini

80 928 198 994 Ordines
221 930 291 996 illis
312 944 456 1008 utantur,
480 953 543 1016 quo
566 930 638 995 loco
660 931 738 1018 ipsis
759 931 866 995 visum
885 931 986 996 fuerit
1005 930 1311 995 commodissimum.

22 1020 23 1035 ¹
79 1028 149 1094 Scire
173 1046 297 1107 autem,
320 1032 399 1117 quid
422 1030 480 1095 hac
502 1043 592 1096 tanta
607 1032 647 1096 de
669 1054 703 1097 re
726 1031 989 1097 constituendum
1012 1032 1064 1108 sit,
1087 1033 1228 1097 maxims
1249 1031 1313 1096 erit

80 1129 103 1192 S.
126 1131 193 1195 Mai
222 1132 454 1209 necessarium,
482 1146 582 1218 tuque
604 1133 638 1196 in
661 1155 701 1197 eo
723 1131 753 1196 S.
778 1130 850 1196 Mzti
872 1155 937 1197 non
959 1154 1072 1219 parum
1094 1132 1261 1209 inservies,
1284 1133 1311 1196 si

79 1229 132 1294 hec
151 1246 305 1297 accurate
326 1232 558 1320 perscripseris.

146 1333 261 1398 Ferme
296 1334 433 1398 fuissem
460 1332 580 1397 oblitus
606 1346 640 1397 te
667 1356 790 1420 rogaro,
812 1346 850 1397 ut
870 1334 1025 1420 inquiras,
1049 1355 1114 1420 qua
1135 1334 1312 1410 occasione,

80 1454 129 1518 qno
158 1433 231 1509 fine,
269 1457 307 1498 ao
335 1434 454 1521 quibus
480 1433 725 1498 condicionibus
748 1434 826 1498 Dux
848 1433 996 1499 Saxoniae
1021 1434 1233 1499 Winariensis
1255 1457 1312 1499 sus

80 1534 193 1599 servitis
214 1535 304 1623 Regi
327 1534 439 1599 Danise
460 1534 503 1615 (si
526 1535 621 1599 modo
644 1557 720 1600 vera
741 1548 826 1613 sunt,
842 1558 912 1621 qnae
927 1535 1126 1619 referuntur)
1141 1534 1312 1612 addixerit,

81 1644 160 1719 atquc
191 1658 277 1699 num
311 1636 431 1712 credas,
468 1634 564 1699 illum
598 1634 654 1699 diu
688 1636 722 1699 in
756 1636 858 1722 ipsius
891 1635 1025 1701 servitio
1058 1658 1311 1722 permansurum.

80 1733 206 1820 Ingenuo
232 1736 349 1813 fateor,
379 1736 410 1800 S.
439 1737 476 1801 R.
500 1737 613 1801 M:tem
636 1738 770 1801 moleste
793 1736 915 1813 tulisse,
938 1736 1032 1801 illum
1056 1737 1242 1825 Principem
1264 1760 1313 1802 re·

80 1835 222 1901 tardstom
247 1838 284 1900 in
309 1837 424 1913 Danin,
446 1860 511 1922 quo
534 1838 642 1901 minna
663 1851 795 1923 ceptum
816 1838 879 1901 itor
900 1837 964 1901 huo
987 1837 1141 1923 perficere
1161 1839 1311 1924 potuerit,

81 1957 138 1998 enm
164 1937 251 2002 fama
275 1937 380 2023 ipsius
398 1937 466 2019 jam
489 1937 612 2002 dudum
636 1938 667 2001 S.
691 1938 763 2002 Mzti
785 1952 877 2026 grata
896 1939 1003 2002 fuerit.
1049 1938 1100 2002 Tu
1122 1937 1261 2015 interim,
1285 1940 1312 2003 si

81 2056 139 2121 spes
169 2038 281 2125 aliqua
316 2038 378 2103 erit
410 2061 449 2102 eo
476 2038 582 2114 modo,
610 2037 650 2103 de
678 2062 741 2125 quo
768 2050 842 2103 ante
863 2039 949 2103 intas
970 2061 1028 2103 nos
1051 2053 1158 2103 actum
1181 2053 1239 2117 est,
1262 2063 1313 2105 res

81 2136 220 2223 collapsas
243 2139 447 2214 restituendi,
470 2139 545 2204 fove
568 2139 721 2204 affectum
744 2139 833 2204 illius
850 2139 1019 2226 Principis,
1040 2163 1113 2205 cum
1128 2140 1156 2205 is
1172 2141 1312 2205 maxime

81 2235 210 2303 rideatur
243 2253 280 2305 et
307 2240 477 2304 destinatis
505 2239 654 2326 votisque
677 2241 793 2305 vestris
815 2254 849 2304 et
870 2241 973 2326 ceptis
995 2239 1026 2305 S.
1051 2240 1088 2304 R.
1111 2241 1200 2305 Mttis
1223 2242 1312 2306 utilis

82 2338 199 2403 futurus.
244 2340 341 2404 Vale.
386 2341 554 2405 Dabantur
574 2363 593 2405 e
615 2340 807 2405 Mariebolm
829 2341 883 2406 dis
905 2342 955 2405 10.
978 2341 1071 2406 Febr.
1095 2345 1159 2406 An.
1184 2343 1275 2406 1625.

745 2459 880 2545 Magnis.
904 2470 967 2523 tuae
990 2458 1228 2524 addictissimus

808 2557 946 2623 Axelius
969 2559 1163 2624 Oxenstiern

1100 2683 1164 2746 mp.

149 2797 225 2847 diter
252 2799 446 2861 egenhiindigt
473 2799 595 2861 koncept
620 2799 630 2846 i
657 2797 840 2859 Rikssrkivet,
866 2799 1001 2863 jamiordt
1023 2800 1086 2849 med
1109 2800 1157 2849 dst
1176 2799 1312 2849 likaledcs

83 2881 258 2945 egenhindign
287 2881 438 2945 originalet
461 2882 469 2930 i
493 2882 628 2932 Collectio
650 2883 846 2932 Camerariana
864 2884 906 2932 oti
925 2883 1034 2947 Konigl.
1053 2882 1119 2933 Hot-
1137 2884 1192 2934 und
1211 2884 1315 2933 Stasts·

83 2962 228 3025 donasset,
248 2965 400 3015 Eunonen.
435 2966 473 3014 Pr
491 2966 638 3030 originales
656 2971 688 3015 ar
706 2967 890 3016 entecknedt:
913 2966 1053 3017 ›Redditae
1072 2966 1102 3030 ›¹2ss
1116 2968 1208 3031 Martii
1224 2970 1313 3016 lato».

22 3058 23 3113 ἑ
83 3045 220 3113 Konosptet
246 3055 280 3100 ar
308 3049 451 3099 datsrsdt:
481 3050 656 3114 »Jenskopto
683 3051 728 3101 die
756 3055 770 3099 2
798 3051 878 3101 Febr.
906 3056 955 3102 An.
980 3056 1070 3109 162⁶»,
1092 3053 1144 3103 och
1161 3052 1213 3101 har
1230 3051 1314 3101 allisi

22 3120 23 3125 ¹
83 3130 172 3182 mstrst
188 3135 224 3184 dt
242 3135 477 3197 iardlgskritrita
494 3135 581 3185 ehnrn
599 3133 647 3183 det
664 3133 690 3196 ej
709 3136 834 3184 eisdndts
851 3136 947 3186 forsan
960 3136 1023 3185 iren
1036 3135 1205 3186 Merieholm.
1228 3135 1314 3185 Forat

84 3216 159 3277 trystt
175 3219 224 3269 hos
243 3219 346 3278 Moser,
365 3219 439 3268 Patr.
458 3220 548 3281 Aroh„
566 3219 597 3266 V:
617 3222 758 3267 loa—109.

84 3553 121 3608 17.
157 3557 225 3613 vlu
246 3559 317 3615 an
337 3560 500 3628 Euagora,
522 3559 653 3614 svensk
674 3558 829 3615 resident
850 3560 913 3615 hos
935 3558 1250 3615 Generaletatema.

745 3659 953 3716 Marisholm
975 3659 1010 3715 d.
1033 3661 1074 3714 10
1095 3659 1196 3715 Febr.
1218 3660 1313 3715 toas.

85 3832 122 3885 On
136 3840 385 3905 forbandliogarna
403 3842 412 3888 i
431 3841 482 3891 och
502 3842 565 3890 med
582 3840 732 3899 Denmark,
750 3842 814 3890 desa
832 3840 993 3903 rustningsr
1010 3839 1063 3890 och
1075 3842 1314 3909 iorerdndnlngen

150 3924 252 3985 doctor,
269 3925 417 3974 kanslerns
435 3926 553 3975 misstro.
594 3924 623 3973 R.
643 3925 773 3974 ombedes
792 3929 834 3974 stt
852 3925 950 3974 arbotn
968 3925 1103 3975 sarskssdt
1119 3925 1163 3988 pa,
1182 3929 1225 3974 att
1242 3926 1315 3988 priu-

150 4022 195 4057 sen
223 4010 252 4057 et
281 4008 404 4058 Oranisn
427 4009 479 4058 och
503 4009 763 4058 Generalsstaterna
784 4008 810 4071 ei
831 4009 888 4057 lete
907 4010 949 4071 sig
967 4010 1065 4073 drogas
1083 4009 1147 4058 irin
1164 4008 1316 4058 iorbnndet

150 4093 210 4141 med
238 4092 351 4155 Srerigs
375 4106 474 4155 gsnom
502 4094 556 4142 den
578 4093 684 4143 danske
702 4091 865 4153 konungsns
883 4092 1074 4153 straivsndem
1092 4091 1205 4142 hvilken
1223 4092 1315 4140 siker-

149 4174 221 4237 llgen
248 4176 256 4225 i
286 4177 367 4227 detta
393 4179 467 4241 syrte
494 4192 530 4226 nu
552 4177 642 4226 kallat
663 4175 823 4239 Vosbergen
841 4177 887 4226 tm
905 4177 1055 4235 Denmark,
1074 4181 1146 4226 saort
1164 4179 1206 4224 ott
1224 4175 1315 4225 stam

151 4263 275 4311 narnate
294 4260 516 4311 undenetselssr
534 4261 653 4310 rorando
671 4260 846 4322 stemningan
865 4261 971 4321 derata,
984 4276 1026 4309 om
1040 4260 1089 4309 det
1100 4260 1316 4310 Nedersaxiska

151 4342 317 4394 krstsmotet
334 4344 387 4393 och
406 4359 449 4394 om
468 4345 608 4407 hertigsns
627 4345 656 4393 at
674 4344 793 4393 Welmar
810 4346 920 4394 {ntrade
940 4346 947 4393 ἰ
966 4343 1053 4394 daosk
1072 4344 1168 4407 tienst.

539 4457 749 4524 Nobilissime
775 4457 842 4523 Vir.

152 4557 260 4644 Operae
284 4558 427 4645 pretium
450 4560 579 4645 putavit
601 4559 632 4623 S.
655 4561 693 4623 R.
716 4560 812 4624 Mztas
829 4558 978 4623 dominns
994 4573 1111 4636 noster,
1130 4574 1166 4624 ut
1181 4560 1242 4624 tibi
1257 4581 1315 4645 per

86 4672 122 4714 ne
140 4672 167 4720 et
189 4674 308 4724 statum
331 4682 438 4724 rerum
462 4660 675 4745 praesentium,
693 4659 817 4745 etquid
833 4672 865 4722 te
883 4659 971 4735 velit,
988 4660 1177 4745 explicaret.
1212 4658 1310 4723 Nosti
