3248 5328
1232 446 1294 513 stt

88 614 258 679 civitatem
291 611 511 700 ex[c]itavisss
538 613 619 679 mihi
645 614 706 679 hoc
732 612 877 679 studium
900 613 1075 679 amicitiam
1098 636 1173 679 cum
1196 614 1337 703 Ampli-

89 713 221 801 tudinc]
242 727 350 780 vestra
372 713 558 802 expetendi,
581 727 651 779 tum
675 715 760 801 quod
783 738 848 779 nou
870 714 1029 802 ingratam
1053 714 1135 779 hanc
1158 713 1250 780 vobis
1267 730 1337 781 tum

87 814 361 881 conservatricem
394 814 463 880 fore
495 814 597 902 ipsius
629 814 849 880 neutralitatis
881 838 1015 902 sperem.
1070 815 1207 902 Arripui
1235 816 1338 903 igitur

89 916 173 981 hanc
208 915 412 981 occationem
434 914 595 980 scribendi
618 916 658 982 ad
681 916 791 1002 Ampl.
814 929 965 993 vestram,
987 929 1021 982 ct
1042 938 1131 1005 rogo,
1153 930 1190 981 ut
1211 916 1338 982 exhibi-

89 1033 140 1082 tor
168 1016 296 1093 harum,
323 1015 353 1081 S.
381 1016 419 1082 R.
445 1015 535 1082 Mztis
561 1016 805 1094 referendarius,
832 1016 1015 1082 istiusmodi
1037 1039 1057 1081 a
1077 1016 1210 1082 civitate
1232 1032 1338 1083 vestra

88 1118 211 1183 referat
233 1139 433 1205 responsum,
455 1117 551 1204 quale
573 1131 798 1205 exspectamus
821 1131 855 1183 ct
870 1117 1023 1182 convenit
1038 1116 1187 1182 amicitias
1203 1131 1338 1199 mutuae3

89 1218 191 1306 idque
225 1217 253 1283 si
286 1230 392 1284 vestm
425 1218 558 1283 hortatu
590 1232 623 1283 et
649 1217 805 1283 instinctu
831 1218 953 1283 suctum
978 1218 1086 1295 fuerit,
1109 1218 1205 1284 sicuti
1227 1218 1337 1284 nullus

90 1318 218 1397 dubito,
241 1319 399 1406 estquod
421 1319 534 1405 Ampl.
555 1333 662 1383 vestra
683 1341 741 1405 pro
762 1333 851 1384 certo
873 1331 1002 1397 statuat,
1025 1319 1152 1406 plenam
1174 1319 1338 1385 internos

88 1420 161 1486 sore
196 1419 280 1484 hanc
313 1419 462 1484 amicitias
495 1419 733 1497 confidentiam,
763 1434 796 1485 et
823 1443 873 1485 me
897 1420 935 1485 ad
959 1420 1080 1508 quoevis
1102 1420 1338 1486 benevolentias

89 1522 202 1586 officia
224 1543 350 1607 semper
371 1535 437 1585 tam
459 1519 533 1606 ipsi,
556 1543 653 1607 quam
676 1521 803 1586 civitati
824 1521 894 1586 sore
915 1536 1070 1606 paratum.
1109 1520 1198 1586 Deus
1212 1521 1339 1609 Ampli-

89 1623 243 1689 tudinem
275 1634 413 1686 vestram
446 1635 622 1686 conservet.
677 1620 799 1686 Datum
831 1621 1036 1710 Mariaeburgi
1065 1621 1116 1686 die
1143 1624 1163 1685 4
1191 1621 1339 1688 Octobris

91 1747 179 1790 anno
202 1723 294 1789 1626.

179 1879 271 1943 Kopia
289 1880 299 1930 l
317 1876 502 1931 Statsarkivet
518 1879 529 1929 1
548 1877 728 1942 Κὸείςεδεες,
747 1877 838 1943 Ostpr.
857 1879 914 1928 Fol.
934 1882 982 1929 823
1000 1894 1023 1929 a.

89 2320 168 2376 18⁹.
212 2318 284 2375 *ΗΠ
306 2318 511 2375 Wenselans
532 2317 771 2388 Leuosynskl.

588 2418 711 2488 namt
733 2418 790 2476 vid
810 2417 988 2475 manau
1010 2419 1079 2476 den
1100 2421 1121 2476 Θ
1144 2418 1223 2476 ort.
1246 2419 1341 2475 leae.

395 2632 522 2683 Bbraude
540 2632 788 2696 lothandllngarna
805 2647 849 2683 om
868 2632 1043 2697 langabytat.

466 2778 606 2844 Illustris
629 2778 766 2844 Domine
790 2778 979 2844 Cancellari.

182 2912 329 2979 Redditae
362 2911 443 2977 mihi
464 2914 524 2978 hac
546 2927 642 2979 nocte
664 2928 740 2978 sunt
761 2913 862 2979 litera
886 2913 935 2979 Ill.
959 2914 1071 2978 Dzonis
1093 2928 1206 2979 vestris
1229 2915 1341 2990 serius,

92 3038 193 3103 quam
216 3030 255 3079 ut
272 3015 363 3098 justo
385 3029 528 3102 tempore
557 3015 689 3080 tertium
712 3014 862 3100 exemplo
884 3027 991 3079 vestro
1013 3015 1238 3080 commissariis
1261 3017 1341 3080 meis

95 3116 277 3202 adjungere
298 3137 423 3202 queam,
448 3115 541 3180 facilc
563 3138 614 3180 me
637 3116 838 3201 alioquinin
862 3114 950 3180 hisce
973 3115 1133 3180 voluntati
1156 3129 1269 3180 vestras
1292 3136 1343 3180 ac·

93 3217 373 3296 commodaturum
407 3216 532 3281 mittam
565 3230 684 3293 tamen,
711 3216 797 3302 quod
823 3239 856 3280 se
878 3216 994 3281 ceteris
1018 3217 1196 3301 adjungent
1217 3215 1259 3302 [ει
1283 3214 1343 3303 -et]

94 3320 310 3405 inposterum,
344 3316 371 3380 si
403 3339 454 3382 res
477 3330 592 3403 praetcr
614 3340 703 3404 spem
727 3317 869 3401 plurium
893 3315 1019 3381 dierum
1041 3338 1130 3381 mora
1151 3316 1340 3402 indiguerit.

97 3421 147 3485 De
182 3417 340 3483 comitatu
374 3440 438 3481 non
471 3441 579 3482 sumus
612 3418 753 3495 solliciti,
780 3417 843 3482 lide
866 3432 972 3482 vestra
993 3415 1116 3492 confisi,
1139 3431 1173 3482 ct
1194 3440 1268 3481 cum
1291 3416 1342 3482 lll.

97 3521 159 3585 D=o
193 3533 300 3583 vestra
332 3518 452 3606 viginti
485 3518 631 3583 sufficere
664 3531 768 3605 putet,
796 3518 894 3583 etiam
921 3540 1008 3583 meos
1030 3517 1123 3603 jussi,
1146 3530 1184 3583 ut
1205 3516 1343 3583 totidem

98 3621 162 3685 sibi
178 3620 402 3685 adsciscerent.
437 3620 603 3684 Dabantur
618 3621 652 3684 in
668 3617 780 3683 castris
796 3617 836 3682 ad
852 3618 1081 3684 Fnlkenaviam
1096 3619 1149 3684 dic
1162 3621 1181 3684 6
1194 3618 1343 3684 Octobris

95 3743 186 3786 anno
208 3720 300 3784 1626.

184 3876 274 3941 Kopla
291 3874 301 3922 i
319 3876 503 3927 Statsarklret
521 3879 531 3926 l
549 3877 729 3941 Kbnlgsberg,
748 3876 840 3940 Ostpr.
860 3876 917 3925 Fol.
937 3878 985 3925 82³
1004 3890 1028 3925 a.
