3298 5346
1239 419 1301 483 505

183 586 420 651 Paudhsohium
444 586 535 651 venit
558 587 718 673 proeterita
733 587 913 673 septimana
926 584 961 649 in
982 585 1124 650 boatium
1141 598 1345 672 potestatem,

93 708 210 753 rerum
244 710 317 752 oum
350 686 416 752 loci
449 686 704 752 Gubernatorem
731 688 875 752 nondum
897 686 1114 764 convenerim,
1137 710 1231 752 varas
1253 686 1343 753 dedi·

93 787 194 853 tionis
218 809 331 853 causas
351 788 470 854 referre
493 810 628 874 nequeo.

181 888 262 953 Haec
285 888 388 954 ferme
410 900 494 967 sunt,
518 910 598 974 quar,
621 900 658 953 ut
679 888 825 965 scribam,
848 887 983 952 nuncin
999 901 1151 975 promptu
1166 900 1253 967 sunt;
1268 910 1343 952 nam

93 1001 213 1054 caetera
235 989 327 1054 vobis
350 989 391 1053 ob
413 988 552 1054 liberum
575 1012 648 1054 cum
678 987 810 1053 Polonis
832 988 968 1075 aliisque
990 988 1217 1054 commercium
1240 988 1345 1053 multo

93 1112 192 1177 quam
226 1088 307 1154 mihi
334 1088 460 1154 notiora
482 1103 572 1175 puto.
615 1090 654 1154 ln
676 1090 800 1154 caeteris
822 1089 919 1176 cupio
942 1088 1022 1153 mihi
1045 1089 1246 1154 occasionem
1267 1111 1346 1175 prae·

93 1190 164 1255 beri
187 1188 339 1268 testandi,
361 1189 541 1277 quamnim
564 1203 712 1277 prompto
736 1189 842 1254 animo
865 1191 904 1254 ad
927 1213 974 1269 ea,
996 1212 1066 1276 quas
1086 1190 1147 1255 tibi
1162 1204 1254 1276 grata
1269 1212 1345 1277 cog·

92 1313 227 1357 novero.
272 1289 364 1355 Vale.
408 1291 575 1355 Dabantur
597 1302 658 1355 etc.

180 1446 272 1510 Kopia
289 1447 299 1495 l
317 1445 350 1495 Κ.
369 1446 555 1495 Statsarklvet
572 1447 582 1495 l
601 1444 786 1509 Kbnigsberg‚
805 1445 898 1509 Ostpr.
918 1446 976 1495 rol.
996 1448 1079 1495 utta.

619 1648 789 1655 ...μ-...ψ
810 1648 819 1653 .

92 1952 174 2008 289.
219 1951 289 2008 ‘rin
311 1952 425 2021 Geor-g
445 1951 624 2020 wilhelm,
643 1950 821 2009 lrurfursts
844 1952 885 2008 af
902 1950 1161 2020 Brandenburg.

868 2051 995 2121 Elbing
1017 2053 1051 2108 d.
1073 2054 1113 2108 al
1135 2052 1229 2108 Mars
1251 2052 1345 2108 1627.

93 2284 234 2335 Kanalera
262 2298 344 2335 anser
365 2285 407 2349 sig
430 2284 455 2348 ej
473 2285 570 2349 lungrs
587 2284 683 2334 kunnu
701 2285 837 2335 vidblitva
853 2285 898 2335 sin
916 2284 1005 2335 aistlrt
1024 2288 1067 2336 att
1085 2284 1199 2335 atvakte
1216 2284 1346 2334 landtda·

181 2383 248 2432 gens
275 2368 389 2431 ntgdng,
416 2373 484 2419 utan
503 2369 626 2418 afftrdar
643 2384 680 2418 nu
699 2368 796 2419 Sadler
813 2370 858 2419 for
876 2373 919 2418 att
937 2369 1042 2432 begtra
1060 2368 1346 2419 neutraliteasrordra·

182 2457 230 2516 get
246 2453 418 2503 bekrtltslse
436 2452 487 2503 och
505 2452 711 2517 utstrtoknlnffi
728 2452 889 2517 konungens
907 2452 1096 2515 tingitvenhet
1112 2453 1157 2502 ior
1169 2453 1250 2502 huset
1263 2452 1348 2502 Bran·

182 2537 316 2600 denbnrg,
335 2537 405 2586 hans
423 2537 540 2597 onskan,
558 2539 602 2585 att·
618 2536 682 2586 dass
700 2534 887 2600 bosittnlngar
905 2537 995 2587 skulla
1014 2536 1108 2587 fredar
1125 2537 1170 2586 tor
1187 2536 1286 2599 Irrigat.

308 2733 516 2798 Serenissime
539 2732 702 2819 Princeps,
726 2733 864 2798 Domine
887 2732 1131 2821 Benignissime.

182 2885 253 2949 Etsi
268 2884 349 2949 mihi
364 2884 473 2949 fuerat
487 2884 698 2949 constitutum
714 2884 817 2949 multo
833 2897 905 2949 ante
921 2883 1161 2971 Ser[enita]tem
1176 2883 1344 2971 v[est]ram

94 2984 200 3051 literis
222 2986 303 3050 meis
325 2985 465 3050 officiose
487 2985 637 3062 invisere,
659 2986 765 3050 eidem
788 2986 823 3049 in
846 2985 1033 3050 memoriam
1048 2998 1257 3049 revocaturus
1268 2986 1344 3069 jura

93 3085 246 3151 amicitias
278 3100 312 3150 et
345 3099 440 3171 pacta
471 3086 698 3164 neutralitatis,
732 3109 802 3173 quae
835 3085 937 3150 Sacrae
959 3085 1068 3172 Regiae
1091 3085 1163 3151 Mei
1185 3084 1344 3172 d[omi]no

93 3210 167 3252 meo
191 3186 538 3252 clementissimorum
561 3185 661 3251 Serae
685 3209 752 3250 vua
773 3186 987 3261 intercedunt,
1010 3200 1066 3250 aut
1080 3209 1163 3250 anno
1179 3187 1345 3273 praeterito

92 3310 168 3352 curn
204 3287 401 3352 Civitatibus
435 3288 701 3375 Regiomontanis
723 3288 902 3352 suntinita
924 3288 1012 3352 etin
1035 3286 1154 3351 ellectu
1177 3309 1250 3349 oum
1273 3287 1345 3350 uni·

92 3389 195 3453 versis
229 3387 405 3453 Ordinibus
426 3388 605 3474 incolisque
628 3387 761 3453 Ducalis
783 3387 941 3453 Borussiae
964 3401 1099 3465 servata,
1123 3400 1159 3452 ut
1180 3411 1265 3452 nunc
1288 3410 1347 3473 per

93 3489 307 3554 Serenitatem
341 3502 479 3554 vestram
513 3488 682 3554 firmentur
704 3512 741 3554 ac
763 3488 967 3568 roborentur3
990 3501 1097 3554 tamen
1121 3511 1161 3552 ne
1185 3489 1345 3553 consulta·

93 3589 200 3654 tiones
234 3589 344 3655 Sentis
376 3603 489 3655 vestrae
522 3612 596 3654 oum
629 3590 695 3654 suis
728 3590 914 3655 interventu
948 3613 1019 3654 meo
1041 3590 1258 3668 turbarentur,
1282 3588 1345 3654 huo

93 3714 198 3778 usque
222 3692 328 3755 visum
351 3705 401 3756 est
423 3690 510 3754 omni
532 3690 746 3756 missitatione
770 3691 972 3775 abstinere¹).
1016 3691 1112 3755 Nunc
1134 3703 1287 3776 vergente
1304 3690 1344 3754 ad

93 3791 221 3856 exitum
245 3803 407 3856 conventu
430 3791 586 3857 Ordinum
609 3792 775 3869 Borussiae,
799 3815 921 3856 mernor
940 3791 1065 3877 accepti
1093 3790 1236 3855 mandati
1250 3791 1345 3877 Lregii

93 3916 154 3958 neo
177 3914 308 3979 possam
331 3915 390 3957 nee
412 3892 515 3958 debeo
538 3892 605 3957 haeo
628 3892 756 3957 silentio
779 3892 902 3956 diutius
926 3895 1097 3979 praeterire,
1120 3892 1200 3978 quin
1223 3903 1257 3954 et
1271 3890 1345 3955 lite·

92 3992 136 4057 ris
172 3994 252 4058 meis
286 4008 319 4058 et
341 3993 437 4057 misso
460 3994 631 4058 secretario
654 3993 685 4057 S.
709 3993 746 4056 R.
769 3991 859 4057 Mais
882 3992 949 4056 dzni
972 3994 1046 4072 mei,
1069 3991 1246 4056 clarissimo
1269 3990 1346 4055 Phi·

93 4092 185 4182 lippo
216 4093 357 4172 Sadlero,
393 4093 478 4180 apud
506 4094 639 4159 Serttem
663 4116 761 4158 uram
785 4094 941 4170 insistam,
966 4108 1001 4159 ut
1024 4093 1167 4158 exercita
1190 4091 1346 4157 hactenus

89 4196 165 4279 jura
189 4194 339 4259 amicitiae
362 4209 520 4282 pactaque
543 4194 760 4260 neutralitatis
789 4194 871 4259 inita
893 4218 950 4281 per
972 4195 1107 4260 Sentem
1130 4215 1230 4257 vzram
1252 4192 1344 4256 robo-

93 4308 215 4373 rentur,
249 4307 282 4360 et
308 4295 348 4360 ad
374 4298 540 4360 universos
562 4295 708 4360 subditos
730 4319 803 4360 suos
826 4295 960 4360 Ducalis
983 4296 1151 4370 Borussiae,
1174 4293 1346 4357 cuiuscun-

93 4419 154 4483 que
179 4395 245 4460 sint
268 4395 408 4475 Ordinis,
433 4399 660 4475 extendantur,
692 4420 774 4461 neve
798 4396 877 4483 quid
900 4395 1140 4462 incertitudinis
1164 4406 1220 4458 aut
1242 4394 1346 4479 suspi-

99 4552 301 4560 ——....-.-—..

179 4634 200 4697 ¹)
218 4636 263 4686 Jrr
280 4637 365 4687 otaan
383 4636 433 4686 sid.
453 4641 510 4698 477,
528 4639 614 4686 slutet
632 4637 661 4686 at
678 4642 771 4687 noten.
