3314 5362
401 433 442 499 88

358 602 465 665 miuus
486 601 618 665 functus
640 614 690 665 est
710 600 768 664 illo
791 623 931 677 munere,
953 599 1156 686 praesumitur
1171 613 1280 664 tamen
1295 600 1351 665 illa
1366 600 1488 686 optime
1506 601 1608 677 scire3

358 715 395 766 ut
428 724 524 789 quem
556 702 607 766 illi
640 701 816 787 praeferam,
849 723 913 764 non
945 701 1042 766 facile
1071 701 1244 766 inveniam.
1293 700 1445 788 Dignitas
1472 724 1608 788 quoque

358 801 607 890 Archiepisoopi
638 803 810 888 respondet·
841 801 897 865 isti
923 801 1063 879 muneri3
1091 816 1201 887 estque
1223 802 1450 888 aequissimum,
1474 815 1513 866 ut
1536 825 1610 888 pro·

357 903 568 968 cancellarius
604 903 688 967 inter
724 915 854 967 caeteros
891 902 1041 966 emineat.
1097 902 1255 965 Humanae
1292 925 1368 968 vero
1402 903 1609 976 traditiones,

358 1004 453 1068 sicuti
487 1005 520 1068 in
555 1005 660 1068 causis
692 1003 769 1068 fidei
801 1004 916 1068 merito
949 1003 1149 1087 rejiciuntur,
1183 1003 1229 1067 ita
1260 1002 1295 1067 in
1323 1004 1457 1079 caeteris,
1479 1017 1515 1068 et
1538 1027 1610 1089 quae

358 1105 478 1168 bouum
512 1105 656 1171 ordinem
684 1117 893 1179 concernunt,
918 1127 984 1167 non
1007 1117 1083 1167 sunt
1105 1103 1324 1191 negligendae3
1346 1128 1406 1168 nec
1429 1117 1478 1168 est
1499 1104 1538 1167 in
1562 1128 1609 1168 re·

357 1205 418 1269 bus
441 1205 583 1291 politicis
605 1205 729 1270 firmius
751 1216 986 1290 argumentum,
1006 1227 1102 1290 quam
1123 1205 1200 1269 viris
1216 1205 1416 1291 sapientibus
1430 1206 1609 1293 placuisse.

443 1307 528 1386 Quid
555 1307 606 1384 sit,
633 1306 718 1393 quod
739 1306 824 1370 inter
846 1319 879 1370 tc
902 1318 936 1370 ct
957 1306 1068 1369 dmum
1091 1304 1311 1369 Abrahamnm
1334 1319 1609 1379 controvertatur,

359 1430 402 1470 ox
434 1408 563 1472 nemine
596 1431 692 1494 quam
725 1407 828 1492 ipsius
860 1406 965 1472 relatu
998 1405 1116 1486 habe03
1152 1429 1212 1471 nec
1245 1430 1297 1470 me
1329 1406 1426 1471 facile
1457 1407 1610 1491 judicem

357 1509 471 1584 feram,
494 1508 556 1571 nisi
580 1509 691 1573 audita
712 1521 803 1593 parte
826 1507 935 1572 altera.
978 1507 1049 1571 Hoc
1072 1520 1198 1571 tantum
1214 1506 1321 1583 miror,
1336 1507 1430 1571 illum
1446 1523 1610 1596 suggestu

358 1620 518 1673 remotum
546 1623 601 1673 tua
627 1610 723 1672 unius
746 1608 949 1683 authoritate,
971 1608 1155 1672 inconsulto
1177 1608 1432 1694 Archiepiscopo
1456 1622 1491 1673 et
1515 1609 1610 1695 Capi-

359 1709 440 1773 tulo.
484 1709 558 1774 Non
581 1710 712 1796 sapiunt
733 1708 800 1773 haec
822 1710 1073 1773 moderationem
1096 1709 1205 1783 animi,
1228 1709 1358 1795 dignam
1382 1707 1553 1797 theologo,
1577 1726 1610 1774 ct

359 1833 455 1897 quam
488 1833 545 1897 pro
579 1810 723 1875 amicitia
755 1824 864 1875 nostra
896 1810 1012 1896 saepius
1046 1810 1140 1873 suasi.
1190 1809 1393 1873 Oeconomus
1415 1824 1467 1874 est
1489 1811 1610 1897 templi

360 1911 572 1988 Gathedralis,
605 1910 752 1998 legitime
786 1925 929 1988 vocatus,
963 1910 1123 1996 habetque
1157 1933 1245 1975 more
1276 1911 1406 1996 antiquo
1429 1911 1487 1994 jus
1511 1913 1610 1976 certis

359 2012 446 2076 horis
474 2013 508 2076 in
531 2011 653 2098 templo
676 2012 898 2076 concionandi.
944 2011 1023 2077 Inde
1045 2011 1204 2076 removeri
1227 2012 1282 2076 abs
1303 2024 1346 2089 te,
1368 2011 1432 2074 nisi
1456 2013 1610 2077 consulto

359 2112 509 2198 Capitulo
546 2126 580 2177 et
617 2113 749 2199 probato
784 2113 907 2177 enormi
941 2113 1033 2189 vitio,
1066 2136 1131 2176 uon
1165 2126 1280 2198 potest.
1335 2113 1513 2198 Tuamque
1548 2114 1610 2177 erit

358 2236 481 2290 cavere,
515 2236 554 2277 nc
587 2213 672 2298 quod
698 2213 732 2276 iu
756 2213 827 2277 aliis
851 2226 1018 2300 tantopere
1040 2212 1259 2300 reprehendis,
1281 2214 1389 2299 potius
1411 2212 1555 2299 quadret
1577 2214 1609 2277 in

359 2331 406 2377 te:
439 2328 476 2377 ut
502 2314 610 2400 papali
639 2313 835 2379 authoritate
861 2315 895 2378 in
918 2314 1096 2390 inferiores,
1120 2315 1272 2399 adjuncto
1294 2315 1391 2378 etiam
1415 2327 1608 2401 contemptu

359 2415 570 2501 superiorum,
604 2414 753 2478 abutaris.
808 2416 896 2501 Ergo
929 2414 997 2479 haec
1031 2414 1224 2479 admouendi
1254 2415 1302 2478 tui
1329 2437 1442 2478 corrasa
1466 2415 1609 2479 scribere

359 2516 460 2594 volui,
487 2516 651 2580 confidens
674 2517 823 2580 amicitiae
845 2529 970 2591 nostrae,
993 2515 1086 2580 facile
1109 2516 1314 2579 emendatum
1337 2515 1387 2593 iri,
1410 2515 1438 2578 si
1462 2515 1610 2601 quidex

360 2616 467 2680 subito
495 2616 593 2680 animi
622 2630 711 2681 motu
740 2617 846 2681 minus
869 2640 912 2680 ex
934 2640 1024 2704 aequo
1046 2618 1169 2681 factum
1193 2616 1245 2681 sit.
1268 2654 1308 2662 -
1330 2653 1372 2663 —
1392 2654 1434 2663 —
1458 2616 1609 2703 Ignosce,

359 2717 387 2781 si
413 2718 527 2804 scripsi
554 2718 698 2797 liberius,
721 2730 754 2782 et
777 2730 893 2793 statue,
916 2740 967 2781 mc
990 2717 1050 2782 hac
1072 2717 1221 2781 libertate
1245 2716 1303 2795 uti,
1327 2716 1413 2804 quod
1436 2732 1471 2782 te
1494 2741 1608 2782 amem.

361 2818 452 2883 Vale.
496 2819 666 2883 Dabantur
688 2817 916 2882 Stockholmiae
938 2819 991 2882 die
1015 2820 1034 2883 9
1057 2819 1149 2883 dunii
1173 2819 1264 2884 1625.
1278 2819 1305 2902 ¹)

847 2987 885 3051 R.
909 2986 994 3051 this
1017 2987 1118 3071 T[uae]

1199 3086 1454 3153 studiosissimus

1130 3188 1271 3252 Axelius
1294 3188 1525 3254 Oxenstierna.

444 3378 524 3427 Efter
550 3377 598 3426 tva
620 3378 729 3443 kopior,
751 3377 825 3426 bada
848 3377 1054 3441 otulutandrga,
1072 3378 1125 3428 den
1145 3392 1197 3428 ena
1216 3379 1225 3427 ί
1244 3377 1415 3439 Berglanaka
1432 3377 1609 3428 brefsamlin·

360 3475 422 3524 gen,
449 3462 522 3511 Tom.
545 3462 591 3523 VI,
615 3462 665 3512 sid.
684 3466 742 3522 toa,
763 3461 861 3526 Kongl.
880 3461 1250 3524 Vetenskaps·Akademtens
1268 3461 1417 3522 btbltotek,
1436 3462 1610 3515 Stockholm.

361 3546 416 3595 den
443 3546 530 3595 andra
557 3548 566 3594 t
593 3531 692 3596 dlfaka
718 3547 880 3609 samtingen,
908 3547 1001 3604 Qvart.
1025 3546 1086 3595 Vol.
1110 3546 1160 3595 N:o
1182 3545 1293 3607 XXXV,
1311 3547 1322 3595 t
1339 3546 1516 3611 Llnkopluga
1534 3548 1609 3597 stitta

359 3628 506 3678 bibliot-ek.
542 3630 700 3692 Originalet
718 3631 769 3679 har
786 3630 812 3694 ej
831 3631 940 3679 kunnat
958 3630 1100 3679 antraffas.

446 3828 466 3891 ¹)
493 3832 587 3881 Wallli
612 3833 676 3882 bret
699 3833 728 3882 at
751 3832 776 3881 d.
796 3837 827 3882 28
846 3832 910 3896 Maj,
928 3832 1034 3896 hvarpa
1052 3832 1132 3881 detta
1150 3836 1181 3880 far
1198 3837 1298 3893 araret,
1317 3836 1348 3882 ὅτ
1364 3834 1375 3882 1
1392 3833 1500 3896 ntdrag
1518 3833 1610 3896 tryokt

360 3915 410 3964 hos
437 3916 659 3977 Anneratedt‚
689 3917 792 3982 Uprala
822 3917 1001 3967 Univerrr‘teta
1030 3917 1165 3977 Historia,
1191 3917 1307 3979 Bthang,
1334 3916 1356 3975 Ι,
1382 3918 1433 3966 sid.
1458 3920 1520 3979 228,
1539 3918 1609 3967 efter

360 4000 480 4062 original
507 4001 517 4048 1
543 3999 726 4061 lesarklrot,
749 4001 967 4050 Oxenstlernaka
988 4000 1150 4063 samllngen.
1186 4000 1260 4051 Iett
1276 4000 1401 4063 feriando
1419 4001 1488 4052 brot
1506 4003 1609 4052 dumta-

361 4083 411 4133 des
436 4083 584 4146 rodogorea
611 4088 737 4134 narmare
763 4086 808 4134 tor
830 4087 934 4133 tristari
957 4085 1020 4133 med
1039 4084 1410 4147 domkyrkosysslornannen.
1447 4085 1500 4134 Orn
1521 4089 1609 4135 oxen-

361 4168 480 4216 stlernas
499 4168 669 4230 granslrntng
688 4168 717 4216 at
737 4171 801 4216 1625
821 4167 864 4216 ars
883 4167 1229 4231 universitetsprlrllegier,
1249 4183 1279 4218 se
1298 4170 1524 4229 Annerstedt,
1543 4184 1567 4218 a.
1585 4183 1607 4216 a.

362 4250 476 4311 Texten,
498 4252 549 4300 aid.
568 4254 617 4300 212
635 4251 664 4301 ff.
