3288 5330
1267 440 1329 504 469

119 625 155 667 se
181 602 356 667 'Polonico
378 603 484 668 bello*
507 604 714 680 immisceret
736 604 861 692 impelli
884 605 1037 692 potuisse.
1082 605 1166 685 Quin
1188 618 1222 669 et
1236 606 1371 692 pruden-

119 703 223 768 tiores
256 703 406 790 intelligo
440 728 482 770 ex
509 705 668 790 prioribus
702 706 768 770 tuis
795 705 898 771 literis
919 706 966 771 ita
988 706 1028 771 de
1051 705 1112 772 hoc
1136 707 1311 771 *consilio*
1335 729 1371 772 ac

121 804 306 869 'destinato
340 805 371 868 S.
406 805 443 869 R.
466 806 555 870 M:tis
577 805 644 870 dmi
667 806 751 870 mei*
771 807 929 891 judicare,
952 831 988 872 ac
1011 806 1039 871 si
1061 806 1144 871 nihil
1167 806 1262 871 *inde
1285 830 1370 872 com·

119 905 232 970 modi*
256 906 290 969 in
313 906 398 971 'rem
422 908 646 972 communem*
669 907 823 977 dimanet,
846 931 952 994 neque
975 908 1057 972 hanc
1081 908 1369 973 *restituendarum

117 1028 228 1070 rerum
263 1007 369 1071 viam*
403 1028 483 1071 esse.
538 1008 582 1072 Et
608 1030 678 1095 quae
703 1021 855 1093 praeterea
876 1009 1125 1095 prudentissime
1148 1032 1166 1073 a
1189 1022 1221 1072 te
1245 1008 1370 1073 adiecta

116 1106 223 1184 fuere,
245 1130 305 1172 neo
328 1130 431 1194 operm
452 1108 594 1193 pretium
616 1107 697 1173 mihi
720 1124 875 1194 repetere.

207 1207 414 1272 Amicissime
449 1206 621 1287 Camerari,
656 1210 805 1297 graviora
837 1209 904 1274 haec
937 1224 1021 1287 sunt,
1055 1232 1149 1296 quam
1184 1222 1221 1273 ut
1243 1209 1368 1297 negligi

118 1307 273 1385 debeant,
296 1323 330 1373 et
352 1308 482 1373 maioris
504 1312 670 1386 momenti,
694 1334 789 1397 quam
813 1324 851 1375 ut
866 1333 917 1375 me
932 1310 1045 1397 paucis
1059 1310 1179 1398 possim
1195 1310 1368 1396 explicare.

115 1409 182 1473 Rei
204 1423 292 1475 certe
316 1409 507 1495 magnitudo
528 1411 707 1497 requireret
728 1413 893 1499 integrum
916 1424 1097 1488 tractatum,
1119 1411 1182 1475 nisi
1197 1411 1369 1497 prudentia

115 1523 177 1573 tua
200 1524 234 1573 et
256 1532 345 1574 amor
367 1510 465 1598 Regis
486 1524 655 1598 statusque
677 1513 776 1577 nostri
799 1513 895 1578 facile
918 1525 952 1577 et
973 1535 1031 1599 per
1053 1534 1087 1575 se
1107 1524 1140 1577 et
1155 1513 1255 1577 ductu
1271 1512 1367 1576 unius

116 1610 220 1688 verbi,
244 1612 320 1697 quid
344 1612 453 1689 velim,
477 1612 683 1699 perspiceret.

204 1711 347 1775 Primum
380 1713 481 1799 igitur
504 1726 537 1776 et
564 1727 638 1778 ante
662 1714 770 1778 omnia
793 1714 1002 1800 cogitandum
1025 1726 1084 1791 est,
1108 1713 1158 1777 ’8.
1181 1712 1218 1777 R.
1243 1713 1366 1791 M:tem,

115 1812 304 1899 Principem
327 1813 592 1900 Evangelicum*‚
615 1815 722 1879 animo
745 1816 929 1902 affectuque
946 1815 1202 1878 'restitutionem
1219 1815 1265 1878 rei
1281 1836 1366 1878 com·

115 1912 247 1977 munis*
272 1927 369 2000 atque
393 1915 611 1979 *amicorum*
635 1917 729 1979 unice
752 1915 940 1994 intendisse,
964 1929 1070 2001 atque,
1095 1928 1132 1979 ut
1153 1913 1248 1989 nosti,
1272 1915 1365 1978 *con-

114 2014 191 2078 silia
224 2014 264 2079 de
297 2016 392 2078 modo
425 2016 621 2101 suscipiendi
655 2016 933 2103 adgrediundique
960 2016 1109 2103 negocii*
1132 2037 1206 2079 cum
1230 2015 1365 2080 ⁴'ceteris

114 2115 273 2202 Regibus,
296 2115 499 2202 Principibus
523 2140 558 2180 ac
582 2116 861 2204 Rebuspublicis*‚
885 2140 1020 2203 quorum
1037 2117 1182 2193 interest,
1195 2116 1363 2204 ⁴*agitasse

113 2216 324 2303 studiumque
358 2217 507 2302 operam*
542 2230 575 2282 et
598 2218 696 2304 ’opes
719 2219 812 2282 sttas’
835 2217 1058 2282 liberalissime
1081 2232 1115 2282 et
1136 2218 1229 2280 firmo
1252 2239 1365 2303 propo·

113 2317 179 2380 sito
214 2317 421 2383 *obtulisse*.
472 2317 557 2397 Quid
585 2318 748 2397 obtulerit,
782 2332 815 2383 et
837 2341 876 2381 nn
900 2332 949 2382 sat
970 2318 1118 2382 consulto
1139 2317 1274 2409 consilio
1296 2340 1362 2381 rem

113 2417 266 2482 statuerit
299 2417 431 2504 adgredi
467 2418 712 2482 *communibus
735 2419 876 2483 viribus*
890 2421 927 2502 ¹),
950 2442 1045 2482 nemo
1068 2431 1101 2482 te
1125 2418 1239 2482 melius
1261 2418 1362 2481 novit.

114 2518 227 2582 ‘illis'
252 2518 313 2583 hoc
338 2520 445 2606 potius
468 2519 550 2584 vitio
572 2520 677 2596 detur,
701 2521 767 2608 qui,
791 2521 940 2606 'exiguis
963 2519 1144 2605 sumptibus
1165 2540 1215 2583 res
1231 2541 1363 2604 magnus

112 2619 252 2683 confici*
287 2642 379 2705 posse
413 2620 607 2706 'sperantes
631 2644 759 2685 manum
790 2621 1038 2696 subtraxerint*,
1062 2620 1114 2684 vel
1138 2618 1362 2683 *ambititione

112 2720 324 2805 invidiaque*
359 2721 485 2784 accensi
519 2721 778 2808 ’impedierint',
811 2722 863 2786 vel
897 2721 1006 2785 studio
1033 2702 1361 2805 'contrariaepartiffi

114 2820 260 2907 perversi
283 2821 455 2885 *salutaria
477 2822 611 2886 consilia
634 2824 840 2887 disiecerint'
853 2823 891 2906 8).

199 2921 378 2985 Subtractis
410 2922 514 3008 igitur
547 2923 719 2987 'subsidiis
741 2923 949 3010 consiliisque
972 2922 1227 2998 communibus’,
1252 2935 1285 2985 et
1308 2921 1360 2984 ¹8.

111 3022 149 3085 R.
174 3021 255 3086 M:te
278 3021 434 3099 deserta*,
457 3022 518 3088 etsi
541 3024 633 3087 nobis
657 3023 824 3088 'turbata’
848 3037 943 3110 atque
960 3022 1169 3087 ’immutata'
1186 3024 1228 3085 sit
1244 3023 1360 3086 ’series

111 3121 355 3199 consiliorum*,
392 3123 477 3187 idem
512 3136 620 3188 tamen
644 3126 760 3189 mansit
784 3125 835 3188 ¹8.
860 3125 896 3188 R.
920 3125 991 3188 Mzti
1015 3123 1158 3187 studium
1181 3122 1360 3187 communis

110 3224 178 3287 rei*
195 3235 230 3288 et
247 3224 443 3288 'amicorum
455 3225 705 3308 juvandorum*,
721 3225 778 3290 sed
794 3225 898 3311 magis
914 3225 1119 3310 'proprium'
1136 3238 1169 3288 et
1182 3245 1359 3287 accommo-

109 3325 224 3389 datum
259 3324 400 3389 'causae'
434 3348 470 3388 ac
504 3325 646 3390 *viribus
679 3327 827 3405 nostris*,
861 3325 978 3413 quibus
1012 3348 1046 3388 se
1069 3348 1230 3411 quemque
1252 3324 1359 3388 metiri

110 3426 215 3489 decet.
271 3425 356 3505 Quid
391 3425 476 3490 enim
510 3427 634 3491 fuceret
667 3420 763 3492 'Rex'
791 3427 900 3491 meus*
936 3449 954 3489 n
986 3426 1100 3491 ceteris
1131 3425 1359 3512 'neglectus*?

109 3526 219 3590 lretne
253 3526 287 3588 in
311 3526 566 3605 'Germaniam‘‚
591 3551 609 3590 a
631 3528 758 3591 nemine
784 3527 944 3600 *adiutus
967 3528 1100 3591 traiecto
1124 3527 1222 3590 mari*
1247 3539 1279 3590 et
1301 3527 1359 3590 vix

109 3650 127 3690 a
159 3649 323 3713 quoquam
359 3628 568 3705 ad'mimns',
597 3650 657 3692 neo
680 3629 848 3716 'portum'
883 3651 941 3691 nec
965 3627 1098 3691 'urbem
1122 3627 1272 3705 habens',
1295 3626 1356 3691 nisi

108 3751 206 3814 quam
243 3728 315 3791 'vi'
350 3742 384 3792 et
417 3730 534 3792 ’armis
567 3728 678 3793 amicis
711 3742 927 3815 extorqueret,
954 3728 1132 3792 ditionibus
1154 3728 1357 3815 subditisque

108 3828 195 3892 suis’
231 3828 429 3892 in'defensis
462 3828 548 3892 domi
581 3830 721 3893 relictis*
759 3830 906 3916 nuspiam
941 3844 1012 3893 tuta
1049 3830 1220 3893 securitate
1231 3828 1259 3911 ⁸)
1282 3827 1358 3892 sun?

110 3928 222 4006 Vides,
245 3930 279 3992 in
302 3952 381 4015 quns
405 3929 652 3994 *difficultates*
675 3931 843 4017 perplexas
866 3932 1032 3995 coniectus
1047 3929 1089 3994 sit
1105 3930 1197 3994 'Rex
1214 3930 1355 4005 Daniae*,

107 4031 200 4094 euius
237 4030 392 4115 *opibus*
421 4030 523 4094 multa
546 4032 644 4116 *pace
666 4032 858 4096 cumulatis*
884 4030 1029 4117 plerique
1051 4030 1163 4094 confisi
1186 4044 1276 4110 sunt3
1299 4030 1356 4116 qui

109 4130 214 4217 'Regi
246 4129 418 4194 Britannioe
442 4143 529 4194 arcta
551 4134 851 4219 consanguinitate’
864 4134 893 4215 ⁴)
910 4134 1046 4216 junctus
1070 4145 1132 4209 est;
1155 4130 1211 4217 qui
1235 4130 1356 4195 *nemi-

107 4253 181 4294 nem
216 4230 363 4293 hostem*
397 4232 458 4295 nisi
488 4232 629 4296 ’unum‘
653 4233 713 4297 hoc
738 4233 845 4297 ⁴*bello
868 4232 1019 4311 metuit'3
1042 4231 1179 4295 infinitis
1203 4245 1354 4318 praeterea

191 4400 213 4463 ι)
232 4402 354 4452 curnem
373 4404 382 4452 i
401 4404 550 4465 origlnslet
567 4406 623 4454 lbat
641 4406 703 4454 med
724 4420 896 4455 »commanem
909 4408 1083 4470 potentiam.

190 4483 212 4545 ¹)
232 4486 354 4536 Ohfflsrn
382 4487 390 4536 ἰ
411 4488 560 4549 originalet
578 4490 694 4551 orlktlgt
712 4491 768 4539 lbst
785 4490 848 4538 msd
870 4504 911 4538 »sc
930 4490 967 4537 ad
984 4490 1042 4539 alia
1059 4488 1173 4538 coasilia
1191 4491 1348 4537 verterint».

189 4568 212 4629 ⁸)
230 4570 268 4619 Sa
286 4573 295 4619 l
314 4573 475 4633 ortgtnalet:
495 4573 543 4622 det
560 4573 754 4636 egenhsndiga
771 4574 924 4636 koncsptet
942 4573 992 4621 har
1011 4575 1208 4623 ’sinentem

189 4651 211 4714 ⁴)
229 4655 242 4703 I
261 4655 409 4717 originales
426 4656 477 4705 har
496 4657 611 4706 chlffern
631 4658 698 4708 lbsts
716 4658 778 4706 med
799 4659 885 4721 »Regi
903 4655 1009 4720 Asylioe
1026 4661 1102 4705 arcto
1119 4656 1250 4706 viuculo»,
