3248 5328
330 445 392 508 332

286 611 428 676 freundt
474 611 560 677 Mihr
580 612 624 677 ist
645 613 714 678 sein
736 610 971 681 freondtiiches
994 613 1163 680 schreiben
1185 637 1248 679 von
1264 614 1341 680 dato
1356 615 1387 680 d.
1403 617 1423 681 9
1439 615 1533 702 iunij

287 710 388 776 durch
421 713 491 777 sein
523 712 635 778 diener
667 713 753 777 wohl
780 712 1087 801 einge[h]endigett,
1109 716 1266 781 darinnen
1289 715 1347 782 ehr
1368 714 1456 781 milrr
1478 738 1536 781 aus

286 885 399 936 Ducalis
417 886 551 935 Bornssias
568 888 606 935 sit
623 889 787 947 attractura,
806 886 925 937 Ordines
943 887 1024 938 huius
1042 888 1078 937 ad
1096 903 1126 939 ae
1144 888 1364 952 coniungendum
1382 903 1444 939 cum
1459 890 1537 941 Polo-

285 969 329 1019 nis
352 975 491 1030 coactura,
509 969 629 1035 deniqne
648 970 751 1021 Pulcnu
770 970 806 1020 ad
825 970 1024 1023 Celsitudinem
1043 972 1138 1036 ipsius,
1156 972 1192 1022 ub
1210 987 1265 1022 nou
1285 974 1457 1024 custoditum
1475 988 1537 1038 por·

286 1058 355 1114 tum,
371 1054 532 1118 privandam
550 1053 634 1104 ieudc
653 1053 825 1104 occasionem
843 1055 1007 1118 prebitura3
1026 1062 1055 1107 et
1068 1070 1129 1121 quse
1141 1053 1219 1106 bisce
1232 1058 1409 1107 declarandis
1422 1059 1537 1109 uberius

286 1151 320 1190 ac
337 1138 490 1202 prudenter
507 1138 685 1189 adliciuntur.

370 1219 408 1270 Ut
425 1222 511 1286 igitur
528 1222 608 1272 d:nus
626 1221 845 1284 Winterieldlue,
863 1223 931 1286 quid
950 1223 974 1273 S.
994 1222 1023 1272 lt
1043 1223 1123 1274 liztas
1142 1224 1177 1274 de
1196 1225 1312 1287 singulis
1330 1227 1445 1287 sentiat,
1458 1238 1538 1279 aceu-

285 1311 346 1356 rate
373 1310 524 1369 cognoscat
547 1310 575 1355 et
601 1305 714 1365 reierat,
740 1305 769 1356 id
792 1307 909 1356 eundem
928 1312 1024 1357 tenere
1042 1312 1162 1372 oportet,
1181 1308 1206 1358 8.
1225 1308 1254 1357 Β.
1274 1309 1366 1359 linem
1385 1308 1461 1359 mala
1478 1311 1538 1361 baec

285 1395 418 1439 eventura
444 1391 532 1439 multo
559 1395 623 1438 ante
646 1391 833 1453 prospexisse;
857 1392 1074 1456 necquicquam
1092 1392 1179 1455 magle
1196 1392 1328 1443 habuisse
1346 1395 1435 1456 pensi,
1454 1411 1536 1459 qnam

285 1479 317 1522 nt
334 1473 369 1523 ils
387 1473 555 1533 coemendis,
573 1475 732 1537 priusquam
751 1473 833 1523 latius
852 1479 882 1524 et
899 1475 934 1524 ed
953 1477 1096 1526 interitum
1110 1477 1231 1526 omniurn
1244 1484 1396 1540 serperent,
1409 1480 1537 1529 remedia

286 1558 376 1608 solida
403 1556 612 1617 adhiberentur,
638 1558 708 1607 inito
734 1558 807 1608 inter
829 1560 968 1623 principes
990 1563 1100 1621 amicos,
1118 1575 1233 1624 qnorum
1251 1560 1372 1613 interest
1388 1576 1446 1611 rem
1465 1578 1538 1612 com·

286 1656 395 1692 munem
416 1642 580 1700 uouservari,
598 1641 719 1702 loedere,
738 1656 771 1693 au
788 1645 880 1707 captia
897 1646 1064 1708 tempestive
1081 1659 1115 1695 ac
1132 1657 1182 1709 pro
1201 1646 1366 1696 detentione
1383 1647 1426 1695 sni
1445 1646 1536 1696 armia

286 1725 402 1777 Interim
420 1725 580 1777 labentibus
598 1725 733 1790 paulatim
750 1725 841 1787 rebus,
859 1732 942 1791 atque
957 1742 1011 1777 unc
1024 1729 1174 1778 amicornm
1187 1735 1252 1793 post
1264 1732 1380 1781 alterum
1393 1744 1536 1794 oppressu,

287 1810 421 1859 obtulisse
448 1824 561 1873 operam
588 1823 664 1859 snam
688 1811 878 1861 communibus
899 1811 1007 1871 amicie;
1029 1826 1062 1861 au
1080 1813 1154 1875 quod
1172 1813 1230 1863 Rex
1249 1814 1344 1864 Danise
1361 1816 1422 1864 elus
1440 1828 1536 1863 curam

219 1946 220 1949 ,
286 1899 453 1957 susceperat,
480 1908 536 1944 non
559 1901 616 1943 tam
639 1907 656 1942 a
677 1896 821 1958 proposito
839 1895 996 1955 alienatam,
1014 1910 1095 1959 qnam
1114 1896 1206 1959 potius
1223 1896 1367 1946 incitatam
1387 1911 1421 1947 ac
1439 1899 1538 1949 conflr-

286 1982 395 2037 matam,
412 1983 444 2026 ut
461 1991 560 2041 operas
578 1983 608 2027 et
625 1982 749 2042 sumptus
767 1992 828 2028 oum
847 1979 942 2029 eodem
962 1978 1059 2044 partiri
1078 1986 1201 2044 cuperet,
1222 1980 1304 2030 medo
1322 1981 1391 2031 certi
1411 1981 1481 2045 quid
1501 1983 1537 2032 de

284 2063 346 2111 loco
365 2062 497 2125 adpulsus
515 2066 599 2125 atque
617 2063 713 2125 paucis
733 2062 795 2111 aliis
814 2062 1021 2113 conditionibus
1039 2064 1122 2127 idque
1139 2064 1303 2128 tempestive
1321 2065 1536 2126 significaretur.

285 2144 312 2194 Ia
331 2146 402 2196 enlm
421 2150 465 2195 est
482 2150 552 2195 sitos
570 2145 652 2195 huius
669 2145 764 2209 Regni,
782 2150 814 2195 ut
830 2148 859 2196 in
878 2146 1024 2210 capiendis
1042 2152 1072 2198 et
1089 2146 1243 2198 efficiendis
1263 2150 1386 2199 consiliis
1399 2151 1537 2213 temporis

285 2231 520 2279 accuratissimam
540 2228 642 2278 habere
658 2229 794 2279 rationem
808 2235 945 2294 oporteat.
973 2231 1032 2281 Nun
1051 2235 1248 2295 potestantem
1262 2232 1538 2284 ‹iznoWinterieidio

285 2314 409 2377 ignotum
427 2327 496 2373 esse,
514 2327 615 2363 moram
635 2313 812 2365 resolutionis
831 2320 860 2363 et
878 2315 1103 2367 incertitudinem
1123 2318 1233 2367 consilli
1251 2320 1360 2367 unicam
1379 2331 1441 2369 esse
1460 2332 1538 2369 caue·

286 2412 352 2457 sam,
379 2412 427 2446 cnr
454 2397 478 2446 S.
502 2394 532 2447 R.
556 2397 643 2455 littus,
665 2399 790 2447 exercitu
814 2411 847 2447 ac
863 2397 947 2448 rebus
965 2398 1130 2449 necessariis
1149 2400 1276 2450 omnibus
1294 2402 1442 2463 instructa,
1462 2418 1537 2453 auno

286 2481 388 2531 abhinc
413 2483 443 2531 in
469 2480 643 2531 Germaniam
671 2495 724 2531 uon
752 2482 824 2542 ierit,
847 2481 896 2532 sed
920 2484 1067 2532 amicornm
1087 2496 1184 2532 caussa
1202 2482 1230 2533 ln
1249 2484 1352 2534 beilum
1372 2484 1536 2537 Polonicum

284 2564 369 2629 (quod
386 2566 480 2615 iorsan
499 2564 630 2628 suspendi
648 2565 812 2629 aliquandiu
830 2566 978 2630 potuisset)
999 2566 1139 2617 reciderit.

368 2648 422 2698 Illa
446 2649 508 2712 ipsa
534 2649 705 2699 incertitudo
731 2664 805 2700 nunu
826 2664 935 2715 quoqne
957 2651 982 2700 Β.
1005 2651 1034 2701 Β.
1054 2650 1146 2701 litem
1165 2653 1300 2702 incertam
1318 2652 1422 2715 reddit,
1439 2659 1470 2703 et
1489 2656 1536 2706 ob·

284 2732 367 2793 sistit,
385 2746 438 2797 quc
457 2732 546 2782 minus
564 2737 642 2783 recta
660 2747 689 2783 se
708 2736 736 2783 ln
756 2734 931 2784 Germaniam
949 2735 1081 2795 conterat,
1101 2736 1208 2786 hostem
1227 2750 1397 2786 communem
1417 2738 1536 2789 distrac-

283 2824 347 2867 tura
373 2820 403 2866 et
427 2817 510 2866 rebus
537 2818 676 2880 oppressis
703 2820 881 2881 opitulatura.
924 2819 973 2868 list
991 2806 1064 2868 enim
1083 2818 1150 2878 eius,
1168 2821 1247 2870 ouius
1264 2833 1372 2884 semper
1390 2821 1456 2881 init,
1475 2837 1535 2887 pro·

285 2902 378 2965 positi,
396 2905 425 2950 et
443 2900 526 2950 sicuti
544 2914 574 2950 se
593 2903 712 2952 anmhac
730 2902 830 2966 saeplus
849 2902 1017 2953 Gelaitndlni
1035 2904 1122 2967 ipsine
1141 2904 1252 2964 obtulit,
1270 2909 1301 2953 ut
1318 2918 1347 2954 se
1366 2918 1472 2969 suaque
1485 2920 1535 2969 pru

284 2988 376 3035 saluts
399 2985 581 3035 celsitudinis
603 2987 690 3049 ipsius
711 2992 794 3050 atque
813 2986 980 3050 reliquorum
1000 2989 1150 3038 amlecrum
1169 2988 1325 3053 periclitari
1342 3002 1396 3037 nou
1415 2994 1535 3051 recuset,

285 3070 366 3120 modo
389 3074 493 3120 cuncta
511 3068 587 3133 priua
605 3069 641 3118 ad
659 3083 720 3120 eum
738 3070 849 3120 modum
868 3071 1061 3135 disponantur,
1079 3078 1183 3122 utnon
1201 3071 1357 3122 morborum
1376 3081 1535 3136 augmenta,

284 3153 334 3205 ssd
360 3154 484 3204 remedia
510 3152 660 3204 rideantur
686 3155 778 3219 quaeri.
819 3153 930 3203 Portum
952 3154 1005 3205 sibi
1024 3155 1049 3205 Β.
1068 3155 1096 3204 ii.
1116 3155 1197 3206 littae
1216 3157 1244 3205 in
1263 3156 1411 3205 Germania
1428 3159 1533 3220 aperiri

283 3239 373 3302 petiit,
392 3252 446 3301 quo
465 3253 525 3287 cum
545 3237 635 3288 classe
653 3237 816 3300 adpelleret,
838 3236 972 3288 stlocum
991 3240 1061 3299 dari,
1080 3240 1128 3291 ubi
1145 3242 1262 3290 militem
1280 3246 1442 3303 exponeret,
1459 3255 1533 3291 eaor

283 3325 368 3372 cltum
395 3322 539 3382 formaret,
565 3326 594 3371 et·
620 3336 674 3385 quo
701 3335 730 3371 ae
757 3327 874 3385 urgente
901 3325 1069 3373 necessitate
1093 3322 1134 3383 (ut
1152 3328 1217 3373 sunt
1236 3338 1280 3374 res
1297 3323 1423 3374 humanas
1442 3324 1532 3383 fluxae)

284 3407 433 3470 reciperet:
460 3410 519 3457 turn
541 3410 574 3455 ut
590 3406 644 3455 lter
661 3409 870 3467 monstraretur,
889 3421 942 3472 quo
962 3407 1196 3471 pmrrsuisouum
1215 3412 1298 3468 asset,
1315 3407 1401 3471 idque
1420 3422 1474 3458 nou
1494 3412 1533 3458 in·

282 3491 350 3550 vito,
368 3489 417 3539 aed
436 3492 630 3540 consentiente
648 3489 772 3547 dominor
791 3504 843 3541 nec
860 3495 921 3539 erat
938 3493 968 3541 in
985 3490 1061 3542 bisce
1079 3494 1110 3540 et
1128 3504 1188 3554 quse
1205 3493 1389 3556 praetereaiis
1402 3497 1532 3543 annecte·

285 3575 394 3633 bantur,
412 3574 548 3624 securitas
566 3578 595 3623 et
612 3575 685 3622 ratio
703 3571 790 3636 Regni
808 3574 889 3625 huius
906 3575 1081 3639 negligenda.

368 3656 453 3706 daura
470 3657 582 3720 quidem
601 3656 630 3704 li.
649 3656 729 3706 linas
746 3671 820 3707 nunc
838 3662 871 3707 nt
887 3664 953 3708 ante
970 3660 1141 3710 sollicitatur
1152 3659 1187 3708 ad
1200 3658 1405 3719 traiiciendum,
1417 3665 1447 3710 et
1459 3661 1531 3710 binas

283 3740 420 3801 civitates,
450 3739 623 3790 (laminensis
652 3741 768 3792 consilio
798 3742 878 3805 Regis
904 3742 1009 3803 Daniae,
1035 3742 1237 3793 wismariensls
1262 3741 1368 3804 judicio
1396 3744 1531 3795 illecturla

283 3824 510 3889 Brandeburgioi,
536 3829 739 3888 proponuntur;
762 3825 810 3875 sed
834 3826 950 3876 necdum
974 3828 1105 3876 rennuit
1121 3828 1197 3876 luter
1213 3827 1298 3890 ipsos,
1316 3827 1415 3892 Regem
1434 3828 1530 3877 Dauia

282 3916 311 3959 et
329 3910 494 3967 illectorem,
512 3909 637 3972 quisnam
657 3916 732 3959 esset
749 3909 925 3970 commodior,
944 3924 995 3961 uec
1013 3924 1075 3960 cum
1094 3910 1213 3961 dominis
1231 3912 1285 3961 ioci
1304 3914 1395 3960 autum
1415 3911 1450 3960 ds
1468 3925 1531 3960 con·

281 3995 416 4052 niventia,
444 4006 485 4053 ac,
506 3992 529 4042 ai
551 3997 653 4042 cuncta
671 3998 747 4043 recte
765 3997 946 4054 estimantur,
964 3995 1074 4044 videtur
1092 3974 1130 4044 οἷ’
1144 3994 1260 4045 consilio
1278 3996 1398 4058 ipsorum
1417 4008 1453 4044 ne
1471 3997 1529 4058 qni·

282 4077 345 4127 dem
373 4079 417 4141 api
444 4090 533 4140 posse,
555 4077 609 4127 uisl
632 4076 658 4125 8.
676 4076 706 4126 R
726 4077 790 4128 bitte
807 4091 868 4127 cum
886 4080 1009 4127 exercitu
1028 4083 1178 4142 praesente3
1198 4078 1371 4142 quodquam
1391 4079 1428 4128 sit
1446 4092 1529 4140 grase

282 4175 315 4210 ao
332 4160 453 4218 difficile,
471 4166 502 4211 nt
519 4165 625 4210 meam
644 4162 790 4221 incertum,
808 4175 925 4211 onerare
944 4163 1047 4215 amieos
1065 4163 1177 4222 invitos,
1196 4168 1225 4213 et
1241 4163 1337 4212 iorsan
1356 4176 1416 4212 cum
1429 4163 1528 4213 iisdem

282 4244 384 4294 bellum
411 4257 514 4307 gerere,
536 4257 617 4294 nemo
639 4258 694 4294 non
715 4246 800 4296 videt.
835 4246 932 4309 Neque
950 4246 1040 4295 minus
1059 4245 1083 4294 8.
1101 4246 1131 4295 lt
1149 4246 1242 4296 bittem
1261 4248 1370 4296 anxiam
1388 4246 1483 4296 reddit
1500 4252 1529 4298 et

282 4327 403 4389 dubiam,
429 4327 501 4391 quod
529 4341 591 4378 oum
618 4329 696 4378 lucus
722 4335 752 4379 et
778 4330 833 4379 iter
858 4344 876 4378 a
898 4328 970 4392 Rege
990 4330 1085 4380 Danise
1102 4331 1247 4394 proposita
1263 4331 1456 4381 coniunctiora
1474 4333 1529 4380 sint

281 4424 342 4460 cum
361 4412 516 4461 rationibus
534 4417 624 4461 statua
642 4412 723 4462 huius
742 4413 836 4476 Regni,
855 4420 938 4477 atque
956 4416 1020 4465 ideo
1035 4415 1121 4479 magis
1132 4416 1271 4478 placeant,
1283 4413 1435 4464 lilarelnti
1446 4417 1527 4463 noxia

282 4494 450 4545 celsitudini
475 4498 562 4560 lpslns
588 4496 761 4557 relicluntnr,
782 4502 812 4546 et
833 4498 983 4548 alluditur
1002 4500 1037 4548 ad
1056 4499 1146 4549 Albim
1165 4500 1263 4562 procul
1281 4499 1317 4547 ab
1334 4498 1415 4548 hoste
1433 4504 1527 4548 nostru

280 4578 412 4642 eligatur3
431 4583 462 4627 ut
478 4582 520 4629 lta
538 4582 616 4644 optio
634 4580 731 4629 burum
749 4582 788 4630 sit
805 4581 934 4642 diflicilia,
952 4596 1013 4632 cum
1032 4597 1066 4633 ex
1083 4582 1207 4646 ablegati
1225 4584 1371 4641 relatione,
1387 4595 1444 4633 non
1461 4582 1525 4645 quid

281 4666 396 4726 uterque
415 4663 585 4714 coniunctim
604 4664 731 4726 suaserit,
749 4665 799 4715 aed
817 4667 885 4729 quid
903 4666 1053 4729 separatim
1072 4667 1197 4727 saum,
1215 4670 1333 4716 constet
1363 4665 1445 4716 Unde
1459 4666 1485 4714 S.
1498 4665 1526 4715 R
