3212 5352
316 467 377 531 206

358 632 511 699 Defuitne
538 633 618 698 lllzti
644 647 758 699 vestrae
781 634 842 699 hoc
865 657 947 699 anno
970 634 1135 721 pugnandi
1156 635 1304 713 facultas,
1327 637 1405 701 dum
1427 650 1522 701 tanto

271 733 428 821 temporis
457 733 566 821 spacio
587 735 621 798 in
643 733 809 799 latissimis
830 733 1013 800 Lithuania
1035 736 1157 821 campis
1178 736 1353 825 vagamur?
1396 736 1463 802 Cur
1483 737 1519 800 in

273 835 414 922 spatioso
447 835 790 924 Baudschenburgensi
823 858 900 923 agro
934 847 1038 900 castra
1070 836 1182 900 castris
1211 858 1274 901 non
1302 836 1523 925 opposuistis?

274 935 377 1001 Credo
404 935 594 1000 Nitaviense
621 935 819 1000 territorium
846 935 1048 1023 explicandae
1075 937 1157 1002 aciei
1182 939 1383 1003 commodius
1406 937 1522 1017 fuisse,

273 1035 433 1123 siquidem
465 1036 622 1101 altissimo
655 1036 755 1101 fluvio
785 1050 819 1101 et
845 1036 993 1121 pluribus
1014 1037 1285 1104 interlabentibus
1307 1039 1457 1104 amnibus
1479 1039 1521 1103 ab

272 1138 413 1203 invicem
446 1158 676 1224 separaremur,
706 1149 744 1201 ut
770 1136 849 1201 Ill:ti
870 1150 983 1202 vestre
1007 1138 1046 1203 ad
1068 1161 1126 1202 nos
1148 1139 1334 1204 transeundi
1356 1139 1450 1204 nulla
1470 1140 1522 1203 in·

273 1251 359 1304 esset
380 1238 509 1323 cupido,
532 1249 566 1302 et
583 1237 611 1301 si
627 1260 686 1302 nos
701 1249 799 1302 strato
814 1249 912 1324 ponte
928 1237 1174 1315 traiecissemus,
1190 1251 1228 1304 ut
1242 1240 1386 1325 spacium
1402 1240 1523 1305 fuisset

273 1339 429 1425 receptui.
474 1339 646 1403 Poteratne
668 1351 813 1403 nostrum
835 1339 907 1425 quis
930 1338 1085 1415 divinare,
1109 1337 1188 1426 quid
1209 1352 1317 1404 restra
1338 1341 1442 1404 lll:tas
1464 1340 1522 1406 ba-

273 1440 364 1505 beret
385 1439 419 1503 in
442 1438 559 1515 animo,
584 1461 658 1504 cum
681 1461 715 1503 se
737 1439 771 1503 in
794 1453 1001 1525 conspectum
1023 1452 1169 1504 nostrum
1190 1440 1340 1527 nuspiam
1365 1440 1464 1517 daret,
1486 1454 1523 1505 et

273 1541 386 1606 castris
419 1539 555 1604 subinde
589 1537 720 1603 mutatis
753 1538 844 1604 nobis
871 1539 967 1605 etiam
990 1539 1040 1604 sui
1062 1540 1224 1625 querendi
1247 1563 1356 1606 ansam
1378 1542 1521 1619 tolleret,

274 1654 429 1729 vergente
462 1663 547 1703 nunc
581 1661 664 1704 anno
697 1653 731 1705 et
762 1639 848 1704 fesso
875 1639 993 1705 aestivis
1020 1639 1185 1706 laboribus
1207 1641 1311 1706 milite
1334 1656 1461 1719 nostro;
1483 1656 1523 1706 ut

275 1743 392 1806 mirum
415 1741 457 1806 sit
479 1741 599 1806 lll:tem
613 1753 752 1805 vestram
768 1740 907 1806 scribere
922 1741 1168 1807 convenientius
1183 1742 1282 1808 fuisse
1298 1742 1391 1830 signa
1406 1743 1520 1831 signis,

275 1843 360 1907 viros
393 1842 469 1906 viris
502 1863 675 1928 opponere,
709 1854 742 1906 et
774 1840 852 1906 fidei
886 1841 1078 1928 virtutisque
1110 1859 1227 1907 nostrae
1258 1845 1521 1930 experimentum

275 1943 384 2029 praelio
405 1943 522 2020 facere,
545 1964 618 2007 cum
641 1942 733 2028 signa
754 1954 862 2006 vestra
882 1942 944 2006 hnc
966 1942 1097 2027 quidem
1117 1965 1201 2007 anno
1216 1944 1407 2009 nostratium
1423 1967 1522 2009 nemo

273 2043 337 2108 nisi
370 2058 465 2130 capta
498 2042 636 2108 viderit?
678 2041 773 2107 Certe
799 2064 859 2129 per
880 2055 1036 2108 vestrates
1058 2056 1213 2108 nocturno
1237 2057 1381 2131 tempore
1403 2060 1524 2110 exusta

275 2168 339 2208 una
371 2144 512 2208 alterave
545 2143 640 2207 domo
675 2142 867 2219 Nitaviensi‚
901 2141 1009 2207 emissi
1042 2144 1243 2229 speculatum
1275 2145 1370 2231 pauci
1391 2146 1522 2232 equites

274 2246 375 2310 nostri
396 2244 637 2322 renunciarem,
659 2243 847 2309 delitescere
870 2243 1024 2329 quosdam
1047 2242 1188 2309 bostium
1212 2244 1245 2309 in
1267 2245 1413 2310 arbustis.
1450 2247 1522 2311 Nos

274 2369 350 2412 sane
384 2344 630 2432 expectavimus
663 2343 716 2409 die
743 2344 880 2432 integro,
904 2358 941 2408 ut
964 2345 1014 2409 sui
1036 2344 1163 2432 copiam
1185 2344 1297 2411 darent
1319 2345 1353 2410 in
1375 2346 1441 2411 late
1465 2370 1523 2433 pa·

275 2447 418 2512 tentibus
448 2446 570 2532 campis
596 2444 849 2521 Nitaviensibus,
872 2445 928 2510 scd
951 2468 1015 2531 quo
1037 2444 1174 2510 consilio
1196 2445 1344 2511 animove
1366 2469 1522 2535 conspec-

276 2561 346 2613 tum
379 2546 572 2612 nostratium
604 2544 788 2617 vitaverint,
816 2558 923 2610 vestra
948 2545 1049 2610 lllztas
1077 2544 1244 2631 dijudicet,
1289 2547 1356 2611 Nos
1377 2546 1521 2625 serrone,

276 2671 315 2712 an
339 2648 415 2733 styli
439 2648 507 2712 acie
529 2659 649 2711 certare
664 2644 937 2720 consueverimus,
953 2645 1063 2710 dicant
1077 2646 1176 2711 vicini
1192 2648 1303 2725 nostri,
1319 2660 1353 2714 et
1368 2649 1396 2714 si
1411 2650 1522 2714 caeteri

276 2748 433 2824 siluerint,
468 2747 617 2834 loquatur
652 2746 844 2833 Respublica
864 2758 981 2823 vestra,
1004 2769 1077 2811 cum
1100 2770 1164 2832 qua
1185 2760 1235 2812 tot
1257 2771 1313 2834 per
1336 2771 1437 2813 annos
1458 2772 1522 2814 nec

275 2872 346 2915 raro
379 2849 447 2914 sine
481 2847 548 2912 ulla
573 2847 737 2912 literarum
765 2845 1016 2911 commutatione
1044 2847 1132 2911 uario
1154 2870 1260 2912 rerum
1283 2863 1402 2914 eventu
1426 2850 1522 2914 dimi·

276 2950 430 3015 cavimus.
476 2947 597 3012 Verum
622 2947 662 3013 de
685 2948 735 3011 his
758 2946 845 3023 satis,
868 2970 927 3011 nec
950 2947 1054 3012 deerit
1075 2947 1161 3012 bello
1183 2947 1270 3013 inter
1291 2972 1348 3013 nos
1371 2949 1523 3015 continu·

277 3064 329 3116 ato
352 3050 454 3137 praelii
476 3049 580 3134 copia,
604 3048 711 3113 oblata
734 3047 902 3112 occasione
917 3048 1093 3127 commoda,
1110 3049 1136 3113 si
1152 3061 1278 3114 tantum
1294 3050 1364 3115 eius
1379 3065 1521 3116 vestram

276 3151 395 3216 Ill:tem
417 3164 528 3216 teneat
549 3149 754 3214 desiderium.

360 3251 414 3315 Ad
442 3264 556 3316 caetera
581 3251 620 3315 de
649 3249 776 3334 injuriis
799 3247 996 3335 Reipublicae
1019 3262 1130 3314 vestra
1152 3249 1261 3329 illatis,
1285 3250 1405 3319 violata
1427 3252 1522 3316 indn-

277 3352 398 3418 ciarum
432 3352 505 3428 fide,
539 3363 692 3417 excusata
721 3349 954 3436 interceptione
978 3349 1260 3437 subdelegatorum
1283 3364 1464 3417 nostrorum
1489 3367 1524 3418 et

276 3454 310 3519 id
344 3475 445 3542 genus
476 3453 549 3529 alia,
577 3474 647 3538 quae
671 3451 838 3516 verborum
863 3449 983 3514 aculeis
1007 3462 1121 3537 praeter
1142 3474 1267 3537 aequum
1291 3451 1391 3516 lll:tas
1414 3468 1523 3518 vestra

277 3566 462 3642 exaggerat,
495 3576 582 3617 nunc
615 3551 745 3640 quidem
779 3549 861 3615 nihil
894 3551 1104 3637 respondebo,
1137 3573 1178 3616 nc
1207 3551 1328 3631 eadem,
1352 3576 1423 3639 quae
1446 3568 1522 3619 ante

278 3654 391 3740 scripsi
419 3668 453 3718 et
479 3666 587 3719 estate
613 3655 672 3718 hac
695 3651 791 3716 lat-ius
813 3674 886 3715 cum
908 3649 1132 3715 illustrissimis
1155 3651 1381 3718 commissoriis
1404 3653 1522 3718 vestris

278 3755 341 3843 egi,
364 3754 474 3819 odiose
497 3766 655 3840 repetam;
678 3775 736 3817 suo
760 3774 834 3816 vero
854 3765 999 3838 tempore
1016 3774 1080 3816 non
1095 3751 1238 3818 defuturi
1253 3776 1363 3818 sumus
1378 3755 1523 3831 veritati,

277 3878 354 3943 quae,
388 3854 466 3919 licet
495 3854 685 3918 obscuretur
707 3875 896 3940 magnorum
919 3851 1123 3939 ingeniorum
1146 3854 1179 3917 vi
1201 3875 1237 3917 sc
1258 3854 1428 3919 verborum
1451 3854 1523 3921 ille·

277 3955 391 4033 cebris,
415 3955 553 4042 opprimi
576 3968 693 4032 tamen,
717 3955 795 4041 quin
818 3966 926 4039 pateat
948 3966 981 4018 et
1003 3976 1036 4017 se
1059 3964 1191 4031 exserat,
1214 3977 1279 4018 non
1301 3967 1418 4041 potest.
1461 3958 1522 4020 At·

278 4055 591 4144 mmmm

363 4158 416 4222 Ad
449 4157 660 4244 captivorum,
695 4155 750 4242 qui
784 4153 935 4241 utrinque
963 4153 1160 4232 detinentur,
1186 4154 1411 4220 liberationem
1432 4157 1522 4241 quod

279 4258 404 4334 attinet,
432 4280 506 4322 cum
533 4256 635 4321 lll:tas
657 4270 763 4322 vestra
784 4279 848 4319 non
871 4254 1019 4320 videatur
1040 4255 1079 4320 ab
1102 4255 1172 4320 eius
1192 4254 1342 4320 ineundus
1363 4267 1452 4319 certa
1473 4278 1522 4320 ra·

278 4359 367 4422 tione
401 4356 514 4435 aliena,
547 4358 648 4421 fretus
674 4356 772 4422 verbo
799 4356 894 4420 Illztis
915 4367 1029 4419 vestre
1053 4354 1200 4443 ablegavi
1222 4354 1298 4420 hinc
1320 4355 1465 4420 nobilem
1488 4372 1524 4421 et

278 4457 487 4545 spectabilem
521 4456 625 4522 virum
659 4458 770 4520 dznum
802 4456 986 4523 Johannem
1019 4453 1208 4519 Uldaricurn
1240 4455 1279 4519 de
1307 4455 1401 4531 suet,
1428 4457 1460 4520 S.
1484 4458 1522 4523 R.

280 4558 368 4623 Mztis
401 4558 467 4622 dzni
501 4558 565 4623 mei
598 4555 840 4621 clementissimi
870 4556 1087 4621 consiliarium
1116 4555 1266 4634 aulicum,
1289 4556 1523 4643 consulemque

278 4675 313 4726 ot
345 4660 514 4745 syndicum
548 4658 644 4746 regias
677 4656 819 4720 civitatis
852 4656 1009 4743 Rigensis,
1036 4656 1118 4721 Illa-i
1140 4669 1252 4720 vestrae
1273 4679 1337 4720 non
1359 4657 1522 4743 ignotum,
