3212 5352
335 409 397 472 174

287 576 327 639 in
350 574 520 661 preteritis
542 573 683 639 comitiis
698 588 731 639 et
746 573 962 661 legationibus
978 574 1017 637 ad
1033 588 1161 639 exteros
1176 573 1280 638 missis
1296 575 1329 638 in
1345 574 1542 639 defunctum

290 675 519 741 laudatissimae
541 675 702 739 memoriae
724 697 833 762 regem
856 673 1018 751 Carolum,
1042 673 1072 738 S.
1096 674 1133 739 R.
1157 675 1269 739 Mztem
1292 688 1326 739 et
1341 688 1444 739 totam
1462 698 1545 763 gen·

288 791 359 842 tem
381 776 514 841 Suecum
536 775 658 840 invecti
681 776 755 841 sint.

376 877 475 942 Hisce
509 877 701 953 monstretis,
734 877 826 940 bonis
852 876 1030 941 rationibus
1057 876 1186 940 evincet
1213 875 1244 940 S.
1272 876 1310 941 R.
1336 877 1451 941 bitem
1475 900 1544 941 non

291 978 439 1065 potuisse
467 978 624 1042 haetenus
646 999 734 1041 arma
756 977 926 1063 deponere,
949 975 1027 1063 quia
1048 975 1112 1040 huc
1135 999 1237 1062 usque
1260 1000 1333 1041 cum
1355 976 1471 1042 eadem
1493 978 1544 1041 in·

288 1078 487 1144 certitudine
518 1078 724 1143 conflictatus
750 1091 808 1154 est,
839 1081 867 1143 2.
891 1076 1049 1141 maximos
1070 1091 1219 1163 sumptus
1241 1076 1372 1153 fecerat,
1394 1080 1425 1142 3.
1449 1100 1545 1144 exer·

291 1182 395 1246 citum
424 1182 493 1264 jam
526 1192 674 1243 coactum
703 1192 736 1243 et
761 1177 922 1264 stipendis
948 1193 1126 1242 merentem
1149 1176 1296 1254 habebnt,
1319 1180 1350 1241 4.
1372 1179 1544 1244 securitati

288 1303 358 1346 snae
389 1281 612 1367 imposterum,
645 1279 673 1342 si
705 1279 820 1344 iisdem
854 1278 975 1343 artibus
1008 1278 1122 1342 Poloni
1155 1279 1350 1357 insisterent,
1381 1296 1544 1366 occupata

294 1382 433 1446 Livonia
457 1404 493 1445 ac
517 1380 601 1444 bello
623 1380 658 1444 in
681 1379 888 1443 Lithvaniam
911 1379 1064 1443 translato
1088 1380 1268 1465 prospicere
1291 1379 1442 1446 debebat.

377 1487 426 1547 At
457 1504 532 1546 cum
564 1482 657 1546 dznus
690 1478 855 1544 Palatinus
888 1494 954 1544 tarn
987 1493 1074 1544 certo
1107 1480 1275 1565 promittat
1301 1480 1543 1546 commissarios

293 1584 385 1649 brevi
417 1597 580 1659 venturos,
614 1604 732 1667 eosque
766 1580 907 1645 munitos
936 1595 970 1646 et
991 1580 1163 1645 instructos
1185 1580 1255 1644 fore
1273 1582 1363 1666 justa
1384 1596 1418 1645 et
1440 1596 1544 1647 tentae

293 1685 340 1750 rei
372 1706 516 1770 congruo
549 1694 707 1768 potestate
741 1695 838 1767 atque
871 1680 1107 1746 sufficientibus
1133 1682 1300 1759 mandetis,
1328 1680 1403 1745 ideo
1425 1683 1543 1748 dmum

290 1785 531 1851 Cancellerium
560 1784 621 1849 lroc
648 1782 732 1869 epud
755 1782 786 1845 S.
809 1782 847 1846 R.
871 1782 982 1846 Mztem
1005 1781 1194 1860 obtinuisse,
1217 1796 1254 1846 ut
1276 1805 1363 1847 arma
1385 1786 1542 1869 suspendi

296 1886 429 1973 possint,
463 1907 526 1971 quo
559 1897 673 1969 pacate
706 1881 746 1946 de
780 1905 860 1970 pace
890 1896 1055 1961 tractetur,
1089 1882 1139 1947 his
1161 1883 1420 1948 condicionibus:
1451 1888 1479 1949 1.
1504 1901 1543 1951 ut

291 1988 388 2052 dznus
421 1985 585 2050 Palatinus
618 1985 775 2072 spondeat
807 1995 841 2048 ct
874 1984 1042 2070 promittet
1074 1983 1307 2049 commissarios
1340 2008 1358 2048 a
1387 1985 1479 2073 Rege
1509 2003 1544 2052 ct

294 2085 504 2174 Repub[liea]
529 2098 617 2150 certo
643 2098 810 2164 venturos,
844 2088 874 2149 2.
900 2084 975 2148 illos
994 2085 1084 2169 justa
1105 2084 1153 2148 uti
1176 2084 1300 2149 dictum
1324 2098 1485 2172 potestate
1509 2104 1543 2153 et

293 2186 453 2253 mandatis
487 2188 660 2251 instructos
692 2186 773 2262 fore,
807 2208 870 2272 quo
903 2185 980 2249 boni
1010 2199 1146 2249 eventus
1172 2207 1246 2272 spes
1269 2186 1400 2273 praecipi
1422 2189 1543 2273 possit3

290 2291 325 2355 3:
358 2302 394 2353 ut
427 2288 479 2354 vel
506 2287 677 2353 cessationi
704 2309 863 2350 armorum
886 2286 914 2350 is
936 2286 1092 2350 terminus
1114 2286 1250 2361 dicatur,
1272 2288 1328 2374 qui
1350 2289 1542 2353 commodus

292 2391 338 2454 sit
365 2390 395 2453 S.
423 2390 461 2453 R.
487 2387 560 2453 M:ti
582 2401 615 2453 et
636 2388 750 2475 Regno
773 2387 901 2459 Sneciae,
924 2409 988 2473 quo
1010 2387 1191 2452 exercitum
1214 2388 1355 2452 maxima
1377 2388 1426 2453 sui
1450 2404 1541 2477 parte

293 2492 327 2555 in
354 2512 491 2577 regnum
513 2490 664 2554 reducere
688 2512 724 2552 ac
747 2511 780 2553 se
803 2488 866 2552 isto
889 2510 984 2553 onere
1007 2487 1141 2552 liberare
1164 2488 1275 2573 possit,
1297 2505 1354 2553 aut
1374 2489 1403 2553 si
1425 2490 1461 2554 id
1483 2492 1541 2556 mi·

291 2614 356 2655 nus
389 2590 523 2675 placcat,
557 2604 594 2654 ut
623 2603 692 2653 turn
720 2602 866 2675 sumptus
888 2587 938 2652 illi
962 2588 1076 2653 alendo
1099 2588 1342 2654 subministrent
1364 2590 1540 2670 Lithwaui,

291 2693 398 2756 donec
431 2692 471 2756 de
499 2713 576 2777 pace
602 2690 816 2754 constitutum
839 2690 948 2754 fuerit.
992 2690 1202 2775 Aequitatem
1225 2690 1337 2755 horum
1362 2693 1540 2778 postulato

293 2815 366 2857 rum
389 2791 516 2855 Salvius
538 2790 785 2878 diligentissime
808 2790 965 2855 edocebit.

379 2892 479 2958 Dabit
509 2906 616 2956 autem
640 2915 780 2977 operam,
804 2905 841 2955 ut
863 2905 990 2978 tempus
1014 2892 1200 2957 cessationis
1224 2915 1384 2957 armorum
1408 2918 1427 2958 a
1450 2894 1539 2959 Pale·

295 2994 365 3059 tino
397 2994 506 3080 potius
534 2992 727 3056 nominetur.
778 2993 874 3056 Hunc
901 2992 997 3069 enim,
1020 2993 1047 3056 si
1070 2992 1197 3057 Salvius
1219 2994 1252 3058 id
1276 2994 1369 3059 avide
1392 2997 1537 3083 accipere

291 3093 505 3171 intellexerit,
537 3093 708 3180 instigabit
740 3093 843 3179 megia
877 3094 1044 3180 magisque
1077 3095 1116 3158 sd
1144 3094 1289 3159 inducias
1311 3094 1483 3161 firmandas
1505 3097 1538 3160 in

294 3218 425 3271 annum,
456 3194 624 3259 biennium
647 3208 703 3258 aut
725 3193 873 3278 amplius,
897 3195 942 3257 ita
963 3207 1073 3257 tamen
1096 3208 1133 3258 ut
1155 3217 1306 3280 expresse
1329 3196 1487 3274 ostendat,
1512 3198 1537 3262 si

290 3297 334 3361 ab
368 3295 463 3359 armis
497 3295 613 3360 cessari
646 3294 772 3371 debeat,
807 3294 846 3359 ad
876 3293 1045 3357 minimum
1072 3294 1218 3359 inducius
1244 3296 1317 3360 illas
1340 3298 1380 3361 ad
1405 3300 1422 3362 1
1446 3298 1538 3363 Junii

296 3396 371 3460 anni
394 3396 556 3482 sequentis
579 3396 692 3461 durare
715 3395 841 3460 debere.

378 3496 416 3560 Id
439 3496 525 3560 enim
548 3495 732 3561 observabit
755 3494 881 3559 Salvius
904 3495 1148 3574 studiosissime,
1171 3520 1211 3560 en
1233 3496 1350 3562 babeat
1370 3499 1465 3562 d:nus
1481 3500 1538 3563 Pa·

294 3597 414 3661 latinus
437 3597 522 3661 solus
545 3609 736 3683 potestatem
760 3597 973 3662 cessationem
996 3597 1035 3660 ab
1059 3597 1153 3661 armis
1175 3596 1261 3662 inter
1276 3598 1343 3662 baec
1359 3599 1423 3664 duo
1438 3623 1540 3686 regna

292 3697 489 3762 decernendi
511 3710 544 3761 et
566 3697 738 3775 statuendi,
762 3698 858 3784 idque
882 3699 909 3761 si
930 3696 1023 3760 illum
1047 3697 1193 3761 obtinere
1215 3698 1425 3778 intellexerit,
1450 3700 1539 3764 Puls-

293 3799 465 3884 tinnmque
487 3797 734 3883 deprehenderit
756 3797 912 3862 inclinare
935 3797 972 3861 ed
996 3796 1167 3862 firmandas
1189 3798 1335 3864 inducias
1357 3801 1392 3865 in
1409 3804 1426 3865 l
1443 3801 1538 3866 «lunii

294 3897 422 3985 An[no]
455 3899 537 3963 1626
570 3912 626 3962 aut
655 3899 798 3975 ulterius,
821 3912 911 3985 petet
932 3898 993 3962 sibi
1015 3900 1133 3984 scripto
1156 3914 1297 3964 mentem
1321 3901 1462 3966 Palatini
1484 3926 1540 3967 ex·

293 4000 418 4086 plicari,
445 4014 483 4063 ut
509 4012 625 4064 cuncta
651 4000 771 4065 rectius
792 4000 911 4064 referre
932 4014 1040 4085 queat.
1084 4000 1290 4087 lusistctque,
1314 4015 1351 4065 ut
1373 4001 1539 4066 Palatinus

292 4101 426 4187 propius
460 4100 600 4174 secedet,
634 4122 698 4184 qno
725 4100 793 4165 sine
817 4123 1003 4164 meracum
1026 4099 1226 4165 Cancellario
1249 4102 1403 4189 congredi
1426 4104 1538 4189 possit,

291 4216 328 4266 et
360 4202 497 4267 decretis
524 4199 723 4287 firmatisque
752 4200 894 4265 induciis
915 4201 1128 4265 fundamenta
1150 4201 1307 4266 collocare
1330 4201 1435 4267 futuri
1458 4217 1540 4269 trac·

293 4315 390 4380 tatus,
413 4301 553 4389 bellique
576 4301 718 4388 pericula
739 4315 772 4365 et
794 4325 891 4366 onera
912 4301 988 4366 hinc
1012 4314 1165 4365 avertere.
1209 4301 1373 4388 Quicquid
1397 4304 1483 4368 enim
1500 4328 1538 4369 eo

292 4403 424 4467 nomine
447 4403 546 4467 stetui
569 4402 676 4479 debet,
699 4401 767 4466 sine
791 4426 878 4467 mora
900 4402 1105 4467 statuendum
1130 4401 1200 4481 erit,
1224 4416 1279 4467 aut
1294 4404 1482 4482 verendum,
1498 4429 1538 4470 nc

294 4503 328 4567 in
352 4526 443 4567 auras
465 4516 645 4582 evanescat,
670 4502 831 4588 animique
854 4504 945 4567 novis
967 4502 1095 4567 iniuriis
1118 4503 1304 4568 exacerbati
1324 4506 1428 4592 magis
1448 4528 1538 4571 exar-

289 4605 435 4669 descant.
