3314 5362
343 652 371 716 si
404 652 527 717 bellurn
561 652 643 717 trahi
676 677 736 718 nec
769 652 926 718 malorum
960 676 1090 718 suorum
1119 654 1215 719 finem
1243 656 1397 738 viderint3
1425 680 1492 743 quo
1516 680 1608 722 cusu

343 752 515 818 transitum
549 754 610 841 ipsi
640 754 673 817 iu
703 753 889 817 ‘Silesiaru'
912 767 988 818 suut
1009 757 1204 833 concessuri,
1228 770 1293 834 ant,
1316 758 1343 821 si
1365 758 1480 833 nolint,
1507 772 1610 844 post·

343 877 439 939 quum
459 854 531 918 ioca
546 855 743 919 *Borussiae'
760 854 883 918 munito
897 854 930 919 in
947 869 1138 941 potestatem
1154 856 1279 921 fuerint
1293 871 1433 922 nostram
1450 859 1607 936 redacta,

342 955 414 1040 capi
442 968 550 1019 tamen
577 955 730 1019 transitus
752 956 873 1041 poterit
894 956 985 1019 nullo
1007 980 1081 1020 cum
1104 956 1258 1043 periculo,
1281 957 1322 1021 iis
1343 958 1442 1023 etism
1465 960 1609 1024 invitis.

426 1055 504 1119 Haec
532 1056 630 1142 paulo
657 1055 770 1138 scripsi
798 1055 967 1142 prolixius,
995 1069 1031 1121 ut
1052 1079 1100 1132 ee,
1123 1081 1193 1144 quae
1214 1057 1267 1121 vel
1290 1072 1424 1143 prosunt
1445 1061 1500 1124 vei
1525 1061 1608 1125 ossi·

341 1156 433 1221 ciunt
464 1156 614 1220 instituto
647 1170 767 1234 nostro,
802 1169 957 1242 quantum
992 1158 1122 1244 quidem
1155 1180 1213 1245 per
1240 1159 1350 1223 literas
1377 1160 1448 1226 fieri
1470 1174 1610 1248 potest,

340 1278 523 1345 cognoscas,
556 1271 643 1321 recte
677 1257 805 1344 digeras
835 1271 868 1321 et
893 1281 966 1322 cum
989 1258 1040 1334 iis,
1063 1280 1142 1344 quos
1165 1283 1269 1323 cuusae
1291 1263 1455 1326 communi
1476 1264 1610 1328 favere

341 1380 377 1421 ec
399 1371 517 1422 cuncta
539 1371 663 1422 secreto
685 1357 804 1424 habere
826 1359 923 1437 nosti,
947 1359 1176 1424 communices.

425 1458 546 1538 Quodsi
568 1458 671 1545 igitur
693 1459 753 1523 hoc
776 1458 944 1524 consilium
968 1460 1070 1547 magis
1093 1461 1199 1547 piacet
1221 1461 1336 1527 ceteris
1352 1463 1609 1541 confederatis,

340 1560 422 1624 scito
456 1559 487 1623 S·
521 1561 559 1624 R.
592 1560 704 1624 Mztem
738 1559 904 1624 dominnm
935 1584 1042 1625 meum
1065 1561 1098 1626 in
1121 1561 1282 1627 mandatis
1305 1561 1430 1627 dedisse
1453 1564 1609 1629 domino

339 1660 475 1747 Speusio
507 1675 540 1726 et
572 1661 777 1749 Ruthpersid
807 1674 844 1726 ut
870 1662 910 1726 de
933 1662 1060 1727 cunctis
1082 1663 1282 1727 constituant
1303 1686 1376 1727 curn
1399 1664 1521 1751 legatis
1549 1688 1609 1729 re-

338 1762 501 1850 liquorum
535 1762 727 1849 principum,
761 1775 861 1849 utque
894 1764 1065 1849 pecuniam
1099 1764 1160 1828 sibi
1194 1763 1323 1828 nomine
1352 1764 1472 1851 'Regis
1502 1766 1607 1831 mei*

338 1863 420 1928 tradi
448 1862 625 1950 postulent,
653 1885 738 1928 nunc
764 1863 797 1926 in
821 1864 1013 1940 continenti,
1035 1887 1085 1943 ne,
1109 1864 1137 1928 si
1159 1888 1230 1952 quoe
1254 1887 1343 1928 more
1364 1865 1465 1929 suerit
1489 1866 1606 1932 inter-

336 1965 430 2042 iecta,
464 1965 511 2028 rei
544 1965 691 2050 gerendae
724 1976 850 2050 ternpus
884 1964 1028 2029 elabatur
1040 1967 1077 2046 ¹).
1132 1965 1204 2030 Nisi
1237 1965 1323 2030 eninr
1354 1978 1428 2030 ante
1456 1967 1606 2033 exitum

421 2135 441 2199 ¹)
467 2138 635 2201 Kouuugens
662 2138 724 2187 brei
743 2138 838 2186 hirom
861 2138 906 2187 tili
928 2138 1045 2201 Rutgers
1067 2139 1097 2188 ni
1114 2138 1139 2186 d.
1160 2142 1191 2187 20
1210 2140 1287 2201 April
1309 2141 1372 2187 1020
1392 2141 1432 2198 dr,
1451 2139 1549 2189 ehurn
1573 2142 1604 2205 ej

336 2223 402 2272 iniit
428 2223 551 2283 korrekt,
577 2222 672 2284 tryckt
699 2222 748 2271 hos
775 2223 894 2283 Moser,
921 2223 999 2271 Patr.
1027 2222 1119 2283 Arci,
1148 2222 1177 2282 V,
1200 2223 1251 2272 sid.
1281 2226 1336 2271 180.
1376 2221 1605 2289 (iigeuhendipt

335 2308 455 2370 koncept
482 2305 579 2356 ddrtiil
606 2307 634 2355 ai
660 2306 790 2356 keneleru
819 2306 907 2356 iinnss
933 2307 942 2355 i
966 2306 1183 2356 Oxenstiernska
1201 2306 1374 2371 samlingsn.)
1409 2307 1534 2357 Bretvet
1556 2311 1605 2360 et-

335 2391 439 2455 idiJ'des
457 2392 487 2440 ai
504 2392 636 2441 iullmakt
652 2390 698 2439 tdr
715 2392 802 2454 Speos
821 2390 872 2440 och
890 2391 1006 2454 liutgers
1025 2391 1054 2439 ai
1071 2389 1195 2453 idiJ'ande
1214 2390 1332 2453 lydeise:

421 2476 521 2539 Capita
547 2480 597 2524 ant
623 2474 805 2535 conditiones,
833 2489 945 2538 quarum
973 2474 1000 2523 ri
1027 2474 1052 2523 S.
1080 2474 1109 2522 Pe
1136 2475 1217 2524 iiztas
1245 2475 1349 2525 Suecioe
1370 2476 1398 2523 in
1419 2477 1603 2529 seductum

336 2560 473 2610 exercitus
492 2560 742 2609 Coniaederatorum
761 2559 790 2608 in
810 2559 933 2608 Silesiam
952 2560 1090 2622 suscipere
1109 2558 1246 2609 statuerit.

951 2697 973 2740 1.

420 2796 458 2844 Ut
480 2795 503 2844 S.
526 2796 556 2844 R.
575 2796 655 2845 intas
675 2795 709 2844 de
727 2795 851 2843 amicitia
869 2793 950 2855 Regis
969 2794 1064 2842 Daune
1083 2800 1160 2844 certa
1177 2793 1318 2853 reddatur,
1337 2799 1424 2856 utque
1444 2801 1603 2849 communi

336 2880 453 2930 consilio
472 2884 589 2942 uterque
607 2879 664 2929 Rex
682 2894 793 2928 causam
812 2891 980 2926 communem
1001 2883 1074 2940 agat.

950 3014 973 3060 2.

418 3113 456 3163 Ut
481 3115 538 3163 Rex
565 3114 714 3162 Bdtanniae
736 3118 765 3160 et
788 3111 906 3162 Ordines
928 3113 1016 3175 Belgii
1034 3126 1085 3176 pro
1103 3127 1135 3162 eo
1154 3112 1310 3175 spondeant
1328 3126 1360 3162 ac
1379 3113 1435 3163 fide
1454 3113 1603 3177 iubeant,

334 3201 533 3262 securitatique
562 3197 586 3246 S.
614 3196 643 3244 R.
671 3196 745 3245 inus
768 3201 796 3245 et
817 3198 895 3259 regni
913 3197 1016 3246 Suecise
1035 3197 1215 3260 prospiciant,
1233 3197 1321 3260 primo
1339 3211 1389 3246 sua
1407 3200 1514 3258 classe,
1535 3216 1602 3264 qua

334 3296 491 3333 succurrere
518 3281 687 3331 tenebantur
714 3279 739 3329 S·
765 3280 794 3328 R.
819 3280 878 3329 Mul
902 3287 931 3329 et
952 3294 1035 3343 regno
1057 3281 1169 3341 Sueciae,
1192 3281 1213 3329 si
1239 3282 1300 3343 quis
1318 3282 1428 3330 interea
1446 3287 1601 3348 temporis

334 3370 358 3415 S.
386 3367 479 3416 tinem
504 3365 689 3424 infestaverit,
716 3369 764 3413 aut
790 3364 922 3413 adversus
945 3365 1022 3413 iilam
1047 3363 1152 3427 aliquid
1170 3366 1282 3414 molitus
1300 3365 1399 3424 inerit;
1418 3366 1543 3431 deinde,
1564 3376 1602 3421 nt

333 3451 390 3499 suis
416 3450 536 3499 subditis
563 3450 716 3509 inhibeant,
743 3463 777 3498 ue
802 3451 862 3511 quis
886 3448 933 3498 ulli
954 3449 1024 3498 hosti
1044 3455 1093 3497 ant
1111 3449 1222 3499 inimico
1241 3450 1266 3499 S.
1284 3451 1313 3499 R.
1332 3450 1406 3500 iiztis
1425 3453 1602 3506 inserviant

333 3535 464 3583 adversus
483 3533 582 3597 Regem
602 3534 705 3582 Suecire
724 3547 757 3581 ec
775 3547 899 3595 regnum,
917 3534 1036 3583 durante
1054 3535 1106 3583 hac
1126 3535 1311 3597 expeditione.

943 3670 965 3715 3.

417 3769 454 3818 Ut
481 3770 623 3832 pecuniam
652 3783 723 3816 nunc
749 3768 844 3817 statim
869 3768 1078 3819 subministrent
1095 3782 1144 3830 pro
1164 3767 1367 3830 conscript10ns
1388 3771 1419 3816 10
1438 3783 1603 3833 regemen·

331 3856 420 3902 torum
443 3854 567 3916 peditum
592 3859 620 3901 et
643 3856 708 3901 2000
727 3855 863 3916 equitum:
881 3854 948 3900 item
966 3853 1048 3900 trium
1068 3851 1201 3900 mensium
1219 3849 1370 3914 stipendia;
1389 3857 1419 3900 et
1439 3856 1486 3904 vel
1507 3871 1600 3908 erma

332 3937 375 3985 vei
402 3951 492 3986 eornm
520 3937 581 3985 loco
609 3938 699 3999 quarti
728 3936 829 3985 mensis
854 3936 1035 3998 stipendium
1055 3939 1139 3998 utque
1158 3935 1217 3984 haec
1235 3936 1263 3983 in
1282 3942 1456 3984 antecessum
1478 3938 1600 3991 dentur

332 4025 361 4070 et
387 4021 520 4084 potestati
548 4021 573 4069 S.
601 4020 629 4067 u.
657 4021 730 4069 Mztis
752 4020 952 4083 permittantur.
993 4018 1110 4078 Deinde,
1128 4024 1159 4067 ut
1177 4019 1211 4068 de
1230 4033 1322 4069 mense
1340 4021 1369 4068 in
1387 4034 1520 4072 mensem
1541 4025 1601 4074 du·

331 4110 410 4155 rante
433 4105 484 4154 hec
508 4104 687 4168 expeditione
709 4104 850 4167 silpendis
872 4104 989 4152 miiitum
1008 4104 1067 4152 sine
1085 4116 1162 4152 mora
1181 4105 1374 4167 persolvantur
1393 4110 1423 4152 et
1440 4110 1596 4167 potestati

332 4190 356 4238 S.
375 4189 403 4236 R.
421 4189 496 4237 Meis
514 4190 718 4251 permittantur.

940 4293 963 4336 4.

414 4391 453 4437 Ut
471 4390 511 4438 rei
529 4391 655 4453 gerendae
673 4389 756 4453 piena
775 4389 978 4438 administratio
998 4389 1021 4438 S.
1041 4390 1069 4437 R.
1088 4389 1147 4438 Mai
1165 4391 1351 4453 permittatur.

941 4528 963 4571 5.

414 4622 452 4673 Ut
470 4624 631 4673 Dentiscum
651 4625 686 4672 nd
705 4627 864 4673 societatem
884 4630 912 4673 et
931 4625 1081 4674 amicitiam
1100 4625 1181 4673 bouis
1199 4625 1354 4673 rationibus
1374 4635 1596 4691 permoveatur,

329 4713 378 4757 ant
404 4710 427 4758 si
454 4708 483 4757 id
510 4723 565 4757 non
589 4708 684 4769 possit,
703 4714 734 4756 ut
752 4710 779 4756 vi
798 4708 833 4756 ad
853 4708 1011 4770 obsequium
1031 4712 1156 4772 cogatur,
1174 4722 1228 4770 quo
1246 4710 1381 4758 transitus
1400 4712 1428 4759 in
1449 4709 1593 4766 Silesiem
