3264 5354
305 783 355 837 le.
404 781 474 837 ‘rm
501 782 534 838 1.
561 782 593 838 J.
621 796 686 838 ron
714 782 876 848 Baedort,
899 781 1141 839 Kar-Halm
1162 782 1316 838 resident
1336 782 1402 838 coh
1423 782 1560 839 flvemk

402 883 676 952 lrorreapondent
696 883 710 938 i
730 883 901 953 England.
994 881 1201 939 Harleholm
1222 883 1257 937 d.
1279 885 1319 938 10
1340 883 1439 939 Febr.
1462 884 1559 939 1025.

386 1098 492 1147 Tacksr
509 1098 554 1147 lor
571 1098 644 1151 brelz
663 1099 793 1148 hannem
811 1099 854 1147 tdr
872 1097 1092 1147 nuderrtttelser
1109 1098 1171 1147 lrdn
1191 1097 1299 1161 Srerlge
1317 1097 1364 1147 tlll
1382 1098 1478 1161 Spens.

782 1227 989 1292 Nobilissimc
1014 1226 1082 1291 Vir.

395 1348 426 1409 A
448 1345 589 1409 discessu
612 1344 737 1409 domiui
759 1345 889 1431 Speusii
910 1368 995 1410 unus
1018 1345 1073 1409 abs
1096 1358 1128 1410 te
1148 1345 1258 1431 accepi
1273 1345 1382 1410 literas
1395 1346 1432 1427 ¹),
1447 1359 1561 1430 gratas

309 1446 471 1533 equidem,
494 1444 581 1531 quod
603 1459 799 1511 testarentur
821 1459 853 1511 te
876 1446 916 1509 ud
938 1445 1239 1511 communicationis
1255 1468 1382 1511 mecum
1396 1445 1562 1510 institutae

311 1546 585 1611 continuationem
619 1568 812 1632 propensum
846 1570 925 1624 esse,
956 1546 1153 1633 gratissimas
1181 1569 1267 1623 vero,
1291 1546 1318 1610 si
1340 1546 1487 1633 pluribus
1509 1546 1563 1610 in·

312 1660 475 1734 posterum
498 1647 669 1712 cumulatae
691 1648 822 1713 fuerint.
868 1647 1028 1734 Quicquid
1052 1648 1137 1733 apud
1160 1669 1219 1711 nos
1239 1660 1307 1712 erat
1321 1648 1456 1734 dignum
1473 1646 1563 1712 scitu

311 1763 378 1825 tuo,
408 1762 579 1835 antequam
606 1748 755 1813 dominus
781 1748 934 1834 Speusius
957 1747 1145 1825 discederet,
1167 1748 1200 1812 id
1223 1749 1301 1835 quin
1324 1771 1367 1812 ex
1388 1747 1460 1835 ipso
1481 1771 1564 1834 cog·

311 1849 448 1926 noueris,
482 1849 591 1913 nullus
625 1848 752 1925 dubito,
785 1872 860 1913 cum
893 1862 1011 1913 cuncta
1037 1862 1168 1925 teneret,
1198 1864 1235 1912 ut
1262 1862 1311 1912 est
1332 1849 1382 1913 vir
1404 1849 1560 1936 prudens,

311 1950 445 2035 optime.
493 1950 545 2013 Ex
573 1973 612 2013 eo
635 1963 779 2036 tempore
802 1950 879 2036 quid
902 1950 1062 2024 inciderit,
1086 1950 1199 2035 scripsi
1221 1950 1261 2014 ad
1282 1948 1377 2014 illurn
1400 1961 1561 2026 accurate,

313 2073 349 2115 ac
383 2064 419 2113 ut
453 2063 559 2115 tecum
593 2049 854 2125 communicaret,
888 2050 1014 2136 rogavi3
1048 2074 1108 2135 ego
1143 2072 1217 2114 vero
1245 2050 1311 2114 scio
1338 2049 1432 2114 illum
1454 2049 1502 2113 ita
1525 2061 1561 2115 te

313 2173 420 2215 amare
454 2150 600 2237 tentique
634 2164 667 2214 te
694 2150 810 2226 fucere,
838 2164 875 2215 ut
900 2149 983 2214 nihil
1005 2165 1038 2214 te
1061 2150 1103 2213 sit
1124 2149 1294 2214 celaturus.
1339 2150 1472 2215 Interim
1496 2149 1562 2215 hoc

314 2252 374 2316 tibi
408 2252 448 2316 de
476 2274 527 2315 me
557 2251 719 2337 promitte,
747 2264 783 2314 ut
804 2252 830 2314 si
853 2251 930 2337 quid
955 2251 1074 2337 possim
1097 2273 1260 2336 nunquam
1284 2249 1346 2315 sim
1367 2251 1429 2316 tibi
1451 2251 1563 2316 officia

315 2376 394 2427 mea,
429 2351 524 2417 modo
558 2350 614 2415 illa
641 2366 732 2438 gruta
753 2351 954 2427 intellexero,
977 2352 1205 2437 denegaturus.
1254 2351 1343 2416 Vale.
1389 2351 1564 2416 Dabuntur

314 2476 332 2517 e
358 2451 569 2517 Murienholm
592 2453 644 2517 die
670 2454 710 2516 10
731 2452 808 2516 Feb.
832 2455 929 2517 Anno
954 2453 1044 2516 1625.

399 2625 595 2687 Egenhdndlgt
617 2626 739 2688 koncept
761 2626 769 2673 i
793 2624 976 2684 Rikscrklvet,
997 2624 1180 2687 psteckncdt:
1206 2624 1362 2675 »Joacntmo
1381 2640 1398 2673 a
1415 2625 1566 2685 Rostorffa,

313 2709 432 2759 akrllvet
450 2710 466 2758 d
484 2723 588 2759 samma
606 2709 674 2759 blad
687 2723 749 2763 ‚som
769 2709 803 2757 de
821 2708 873 2756 btr
890 2707 979 2756 under
997 2708 1046 2757 Nm
1066 2712 1096 2755 14
1114 2708 1166 2757 och
1188 2712 1217 2756 15
1236 2708 1352 2771 tryckta.

838 2910 1038 2918 0-——-—--

314 3168 371 3221 20.
416 3165 485 3220 Ι1111
507 3164 682 3221 Christian
704 3178 769 3220 von
790 3164 917 3220 Bellin.
1002 3165 1208 3221 Merieholm
1229 3165 1263 3225 d.
1285 3167 1323 3220 10
1344 3165 1444 3222 Febr.
1469 3168 1567 3224 luae.

317 3363 426 3429 Onskar
452 3380 672 3428 underrtttelser
699 3379 760 3428 lrdrr
788 3379 857 3429 hans
882 3378 1074 3441 berniciorum
1101 3379 1202 3429 studet
1223 3379 1309 3443 kopia
1326 3379 1355 3429 al
1373 3385 1483 3429 secute
1503 3381 1568 3432 bret

403 3464 447 3513 tm
465 3464 541 3513 Gdtr.

669 3592 840 3680 Magnifice
863 3615 899 3655 ae
922 3593 1129 3657 Nobilissime
1157 3591 1222 3656 Vir.

405 3710 451 3774 Ut
483 3711 691 3797 respondeam
725 3710 875 3774 amicitiae
907 3723 1022 3774 nostrae
1046 3733 1082 3775 ac
1104 3709 1230 3797 rogatui
1254 3723 1320 3785 tuo,
1344 3710 1456 3797 paucis
1478 3733 1568 3776 nuuc

319 3813 359 3875 ad
388 3825 421 3874 te
444 3811 559 3888 scribo,
582 3810 645 3874 hoc
668 3812 781 3876 saltem
805 3811 1054 3900 significaturus,
1079 3810 1160 3874 nihil
1183 3824 1216 3875 te
1239 3810 1320 3897 Regi
1344 3834 1416 3875 meo
1439 3811 1568 3897 gratius

322 3928 377 3975 aut
403 3912 567 3975 communi
590 3912 637 3975 rei
660 3912 773 3976 utilius
796 3913 966 3986 facturum,
989 3934 1085 3997 quem
1109 3912 1135 3973 si
1159 3911 1351 3997 tempestive
1376 3910 1569 3998 perscribas,

320 4012 398 4099 quid
421 4012 454 4076 in
478 4012 641 4098 legatione
665 4027 720 4076 tua
742 4013 811 4096 spei
835 4036 883 4076 res
906 4034 1090 4075 communes
1102 4011 1240 4096 juvandi
1256 4011 1451 4098 conceperis,
1467 4024 1569 4099 atque

320 4137 362 4178 an
389 4114 520 4178 Domini
549 4112 612 4176 mei
635 4112 771 4175 consilia
793 4112 906 4176 ceteris
929 4112 1060 4198 regibus
1085 4111 1348 4198 principibusque
1372 4112 1568 4199 placuerint.

322 4215 454 4278 Interim
488 4214 559 4298 quis
593 4237 698 4277 rerum
732 4213 776 4276 sit
805 4226 904 4276 status
928 4214 1012 4299 apud
1035 4236 1102 4287 nos,
1126 4234 1300 4299 cognosces
1323 4235 1365 4276 ex
1387 4212 1570 4290 literarum,

321 4337 401 4399 quas
440 4313 570 4377 domino
610 4313 723 4377 Gdtzio
760 4313 899 4390 exaravi,
936 4313 1114 4399 exemplari
1126 4313 1163 4395 2),
1201 4326 1236 4375 ut
1273 4312 1356 4376 nihil
1393 4314 1445 4389 sit,
1479 4318 1570 4399 quod

322 4438 408 4477 nuno
442 4415 570 4501 quidem
604 4416 728 4478 addam.
775 4414 917 4478 Consilia
943 4414 1028 4478 enim
1051 4413 1149 4501 Regis
1172 4414 1247 4487 mei,
1270 4427 1307 4476 ut
1329 4414 1478 4477 consulto
1502 4436 1571 4477 sus·

409 4618 427 4677 ¹)
447 4622 523 4670 Hans
542 4621 604 4670 bref
621 4621 709 4670 finnus
727 4624 737 4669 1
756 4621 938 4679 Rtksarklvet,
957 4620 1175 4669 Oxenstlernska
1194 4621 1356 4681 samllngen.

408 4701 429 4761 'l
446 4705 491 4755 Jtr
509 4705 590 4753 olvcn
610 4705 657 4753 Nn
678 4710 714 4752 11.
