3244 5334
317 432 379 496 294

275 599 346 662 eius
373 598 464 662 firma
486 597 698 663 fundamenta
721 597 889 675 collocare,
911 614 1064 686 tanquam
1086 600 1281 677 intermedii,
1304 615 1339 666 et
1361 624 1418 686 pcr
1440 624 1521 688 quos

275 698 525 763 communicatio
559 699 818 763 commodissime
851 699 963 764 haberi
995 714 1103 787 queat,
1137 711 1252 786 utpote
1285 701 1340 787 qui
1367 715 1401 766 et
1428 702 1459 766 S.
1483 703 1521 766 R.

276 799 365 864 Mztis
387 814 421 863 et
443 799 521 863 dicti
545 800 705 886 Principis
726 800 850 864 viribus
874 801 1008 865 tutiores
1031 801 1133 866 futuri
1156 801 1237 877 sitis,
1260 816 1351 867 etex
1367 804 1522 867 coniunc-

276 900 364 964 tione
387 900 446 964 hac
470 900 608 964 multum
631 901 815 965 securitatis
839 901 996 988 adepturi.

360 1001 453 1080 Quod
487 1000 680 1088 Fosbergius
712 1002 839 1088 legatus
873 1001 1029 1066 Ordinum
1061 1004 1147 1068 inter
1173 1003 1235 1067 alia
1260 1004 1416 1079 retulerit,
1440 1004 1524 1069 hanc

276 1101 356 1166 belli
379 1103 530 1166 adversus
554 1102 710 1166 Polonum
735 1101 877 1188 suscepti
901 1103 931 1166 S.
955 1105 992 1167 R.
1016 1104 1086 1167 Mai
1101 1126 1229 1167 causam
1245 1103 1419 1181 exstitisse,
1435 1105 1523 1191 quod

276 1216 362 1266 certa
394 1202 549 1266 resolutio
583 1226 601 1265 a
634 1201 837 1267 serenissimo
863 1203 1013 1268 Electore
1042 1204 1332 1290 Brandeburgensi,
1355 1205 1431 1267 dzno
1455 1218 1523 1283 tuo,

276 1304 468 1388 tempestive
491 1326 555 1366 non
579 1316 663 1367 esset
684 1303 769 1379 doto,
793 1303 878 1367 unde
901 1304 994 1368 tuin
1017 1305 1256 1369 excusationem
1279 1328 1374 1369 morae
1395 1306 1524 1370 delabe-

276 1404 329 1479 ris,
363 1404 446 1466 scias
479 1403 587 1479 velim,
622 1416 658 1466 ut
692 1402 829 1468 antehac
852 1405 977 1490 scripsi,
1001 1428 1070 1468 eam
1094 1406 1146 1469 vel
1170 1405 1369 1492 potissimam
1392 1429 1524 1471 causant

277 1503 376 1567 fuisse
408 1505 627 1590 expeditionis
660 1504 756 1568 huius
789 1505 923 1583 bellieae,
954 1506 1040 1591 quod
1068 1507 1098 1569 S.
1122 1507 1160 1570 R.
1184 1507 1277 1570 Metus
1299 1506 1442 1575 induciis
1466 1508 1525 1571 Po·

277 1604 391 1668 lonicis
425 1605 653 1683 renunciasset,
686 1628 726 1669 ne
760 1605 821 1669 sibi
855 1606 1018 1670 obstarent
1050 1608 1289 1671 restitutionem
1316 1630 1423 1672 rerum
1446 1607 1524 1672 Ger·

278 1706 474 1770 manicarum
507 1705 717 1793 adgrediendi
752 1730 809 1792 per
842 1706 1020 1783 Poloniam,
1054 1708 1081 1770 si
1114 1707 1255 1771 rationes
1281 1731 1299 1771 a
1328 1706 1359 1771 S.
1383 1709 1420 1772 R.
1445 1709 1525 1773 Mtte

278 1807 448 1892 propositae
478 1830 495 1869 o
522 1806 756 1871 confoederatis
779 1806 964 1892 adprobata
985 1808 1134 1872 fuissent.
1179 1812 1242 1871 Ast
1263 1831 1337 1872 cum
1361 1808 1433 1872 Rex
1457 1808 1525 1873 Bri·

277 1907 372 1971 toniae
395 1906 570 1972 obiectaret
592 1909 746 1993 quasdam
769 1908 986 1987 difficultates,
1010 1909 1081 1973 Rex
1102 1909 1212 1973 Daniae
1229 1922 1332 1973 totum
1349 1910 1524 1996 negocium

279 2009 318 2071 sd
356 2008 539 2073 Electorem
578 2008 874 2093 Brandeburgicum
910 2010 1068 2083 reficeret,
1106 2010 1208 2096 ipsius
1245 2033 1322 2074 vero
1355 2010 1525 2074 Celsitudo

278 2122 456 2173 ceterorum
487 2109 622 2173 consilia
644 2123 734 2173 tanta
755 2110 964 2174 festinatione
988 2110 1157 2195 exquirere
1180 2112 1338 2196 nequiret,
1361 2124 1395 2174 at
1418 2134 1525 2175 rerum

277 2212 490 2297 gerendarum
523 2223 653 2295 tempus
687 2209 972 2294 praeterlaberetur,
1007 2224 1104 2297 atque
1138 2234 1180 2274 ex
1213 2211 1362 2275 omnibus
1388 2224 1525 2297 pateret,

278 2310 364 2374 hunc
398 2334 517 2375 annum
551 2310 838 2374 deliberationibus
870 2327 1097 2396 consumptum
1131 2311 1180 2387 iri,
1210 2310 1301 2375 nulla
1322 2313 1357 2376 in
1378 2324 1525 2398 tempere

279 2411 495 2498 subsequente
528 2412 734 2489 resolutione,
763 2413 793 2475 S.
820 2413 858 2476 R.
884 2413 977 2476 litas
1001 2413 1096 2476 rebus
1118 2413 1184 2475 suis
1208 2413 1389 2497 prospicere
1414 2428 1527 2476 coacta

277 2511 356 2586 fuit3
390 2526 427 2574 ut
453 2514 538 2598 quod
561 2513 685 2575 diutius
708 2535 772 2576 non
795 2513 997 2599 exspectavit
1019 2526 1167 2598 sumptus
1190 2513 1223 2575 in
1247 2512 1382 2577 militem
1406 2513 1527 2577 frustra

278 2612 438 2687 iaciendo,
471 2636 566 2677 nemo
600 2636 704 2676 rerum
736 2614 858 2698 peritus
882 2627 978 2698 atque
1001 2615 1121 2678 affectu
1145 2636 1208 2677 non
1232 2628 1408 2700 occupatus
1431 2615 1527 2679 aliter

280 2714 480 2799 quambene
504 2713 543 2776 de
566 2736 604 2777 eo
623 2714 830 2797 judicaverit.

364 2814 455 2877 Nihil
487 2814 590 2899 igitur
622 2827 680 2892 est,
714 2816 797 2901 quod
825 2815 927 2900 ipsius
954 2815 1119 2879 Celsitudo
1142 2828 1299 2891 vereatur,
1323 2839 1359 2879 ac
1382 2816 1409 2878 si
1433 2816 1464 2879 S.
1488 2816 1525 2879 R.

280 2917 374 2980 Mttas
402 2916 462 2979 hoc
490 2938 572 3000 aegre
604 2916 727 2991 tulerit,
751 2938 824 2978 cum
848 2915 949 3001 ipsius
973 2915 1216 2992 Celsitudinem,
1239 2938 1303 2978 non
1327 2917 1439 3002 ignem
1461 2939 1526 2979 mo·

279 3018 450 3080 dernorum
475 3039 691 3102 processuum,
714 3016 811 3079 facile
834 3032 978 3081 excuset.
1024 3018 1179 3081 Animum
1199 3030 1306 3080 tamen
1329 3017 1358 3079 S.
1375 3016 1413 3079 R.
1431 3018 1526 3081 Mzas

280 3119 313 3180 in
348 3118 433 3181 huuc
467 3140 569 3203 usque
598 3118 683 3181 diem
711 3116 846 3181 retinuit
867 3140 968 3181 causae
991 3116 1155 3180 communi
1178 3116 1444 3191 addictissimum,
1466 3139 1526 3180 nec

281 3217 453 3303 quicquam
487 3242 530 3281 ex
565 3217 660 3303 priori
698 3219 809 3281 ardore
843 3222 913 3281 eius
943 3218 1081 3300 juvandi
1108 3217 1241 3292 remisit,
1270 3218 1364 3280 modo
1391 3217 1527 3282 consilia

281 3317 565 3404 apprehendantur
587 3317 686 3380 firmis
708 3318 888 3403 validisque
911 3318 1129 3382 fundamentis
1152 3318 1243 3395 nixa3
1265 3319 1305 3381 do
1329 3317 1450 3404 quibus
1468 3341 1526 3404 per

281 3418 404 3503 legatos
426 3440 508 3494 suos,
529 3441 609 3504 quos
626 3418 813 3504 propediem
830 3419 956 3505 Hagam
973 3418 1109 3482 Comitis
1125 3419 1242 3494 mittet,
1260 3418 1399 3503 amplius
1416 3433 1527 3483 actura

282 3534 387 3583 estet
410 3520 552 3582 animum
576 3542 669 3582 suum
693 3520 868 3606 proclivem
892 3519 1097 3583 declaratura.

368 3619 532 3684 Postremo
561 3643 654 3705 rogas
683 3644 733 3683 me
760 3620 890 3683 nomine
912 3620 1108 3684 serenissimi
1130 3619 1289 3705 Principis
1311 3618 1372 3696 tui,
1395 3641 1526 3704 operam

282 3722 356 3784 dare
390 3721 487 3784 velim
520 3722 605 3807 apud
640 3721 670 3784 S.
702 3722 738 3784 rt.
768 3722 888 3795 littam,
911 3732 949 3783 ut
971 3719 1139 3784 Celsitudo
1161 3720 1263 3805 ipsius
1284 3720 1349 3784 frui
1372 3734 1472 3804 quest
1492 3719 1526 3782 in

282 3822 433 3885 Berussia
462 3822 535 3904 jure
568 3822 784 3886 neutralitatis
817 3822 972 3885 hactenus
1005 3834 1108 3896 sueto,
1142 3842 1200 3882 nec
1235 3818 1392 3884 Memcliae
1425 3819 1528 3904 ipsius

282 3936 387 3985 castro
421 3922 593 4007 quicquam
629 3923 765 4008 periculi
798 3923 908 3999 creari,
945 3921 1078 3987 adiectis
1112 3920 1199 3985 hisco
1230 3920 1416 3992 rationibus,
1440 3921 1526 4007 quod

283 4024 353 4087 Rex
388 4022 529 4086 Poloniae
559 4023 693 4106 jusserit
726 4024 909 4105 Principem
939 4037 1029 4086 tuum
1058 4045 1132 4087 suos
1159 4034 1269 4108 portus
1292 4021 1465 4098 custodire,
1487 4044 1527 4086 ne

284 4124 359 4208 quid
390 4146 431 4186 ex
458 4123 498 4186 iis
520 4123 656 4208 periculi
679 4124 928 4209 detrimentique
952 4124 1062 4209 Regno
1086 4124 1227 4187 Poloniae
1249 4134 1419 4200 crearetur,
1443 4145 1480 4185 sc
1500 4121 1528 4184 si

285 4224 361 4308 quid
395 4223 470 4287 inde
504 4226 686 4311 contigerit,
721 4225 754 4288 id
778 4249 810 4288 se
834 4247 851 4287 a
875 4223 1024 4309 Principe
1048 4239 1104 4288 tuo
1126 4225 1351 4309 repetiturum.
1396 4222 1479 4286 Sane
1501 4223 1528 4286 is

285 4338 334 4387 cst
363 4326 495 4389 affectus
518 4326 749 4411 inclinatioque
774 4325 873 4388 animi
896 4324 995 4411 Regis
1018 4326 1080 4389 mei
1101 4325 1135 4387 in
1159 4323 1342 4409 Principem
1365 4338 1469 4401 tuum,
1491 4336 1529 4385 ut

284 4423 367 4487 nihil
395 4427 500 4489 minus
534 4425 622 4503 velit,
646 4450 739 4512 quam
763 4450 810 4501 ea,
834 4449 904 4512 quae
927 4425 1072 4511 Principi
1095 4438 1151 4488 tuo
1173 4426 1297 4512 ingrata
1319 4425 1460 4488 noxiave
1481 4424 1527 4486 in·

285 4524 463 4604 tellexerit3
496 4540 582 4590 certe
617 4541 760 4591 extrema
794 4541 923 4613 oportet
954 4528 996 4591 sit
1029 4527 1213 4602 necessitas,
1241 4538 1295 4589 aut
1321 4541 1425 4590 status
1447 4524 1528 4587 ratio

285 4649 360 4689 cum
395 4649 518 4689 summa
551 4627 741 4693 necessitate
776 4629 999 4715 comparanda.
1033 4650 1103 4712 quae
1137 4626 1167 4689 S.
1199 4626 1236 4690 R.
1266 4628 1376 4693 llztem
1403 4623 1529 4689 adalia
