3290 5360
1264 408 1323 473 697

115 576 230 642 Weiln
266 577 341 641 aber
373 576 548 662 beklagten
574 576 736 662 gegenred
763 575 930 661 aucgleich
953 574 1046 639 nieht
1067 575 1127 639 mit
1149 574 1368 651 einlrommen,

114 679 183 742 und
209 700 264 741 aus
287 678 408 742 seinem
432 677 600 741 schreiben
622 675 858 763 unersp’rirlich,
874 675 915 739 ob
931 699 965 740 er
980 676 1037 740 der
1052 676 1170 762 anklag
1184 674 1367 762 gestendig,

115 778 182 842 hab
216 777 268 841 ich
301 777 394 841 nieht
426 778 565 842 absehsn
600 778 739 853 konnen,
773 777 834 841 wie
869 776 1036 863 beklagter
1062 799 1119 840 vor
1146 776 1367 863 gnugsalrmcr

116 879 236 943 verhor
257 879 290 941 in
311 877 451 943 verhafft
470 901 510 941 au
526 877 675 955 nahmen,
691 879 767 942 oder
782 879 842 941 mit
857 877 990 942 weitern
1006 876 1366 963 executionsprocessen

117 1003 177 1043 aue
212 979 348 1065 belegen
382 980 452 1043 sein
485 977 622 1043 mochte.
680 978 787 1042 Wirdt
809 978 1001 1063 derowegen
1024 978 1079 1041 der
1101 975 1132 1039 h.
1156 976 1365 1053 Stadthalter,

116 1081 176 1144 der
208 1079 325 1144 saeben
358 1078 549 1166 richtigkeit
575 1103 633 1143 zue
657 1079 772 1166 geben,
795 1078 898 1163 beyde
922 1079 1091 1163 parthejen
1113 1077 1272 1142 rechtlich
1297 1100 1366 1141 rer·

115 1181 229 1257 heren,
252 1179 318 1243 und
341 1178 442 1244 durch
464 1179 734 1267 zeugeul‘uhrung
756 1178 833 1243 oder
856 1178 975 1243 andern
996 1177 1234 1243 rcehtsmitteln
1251 1178 1367 1242 verita·

115 1296 183 1367 tem
207 1280 288 1345 faeti
311 1280 512 1366 erlriindigen
536 1280 650 1356 lassen.
676 1279 805 1344 darauff
823 1280 905 1344 auch
928 1280 981 1343 die
1004 1278 1079 1343 sach
1101 1278 1365 1354 rerabscheiden,

116 1382 185 1445 und
208 1382 263 1446 das
285 1381 403 1445 urtheil
426 1381 488 1445 mir
510 1405 566 1445 zur
587 1382 728 1446 revision
751 1379 860 1444 alhero
883 1378 1126 1444 uber-schielren.
1161 1378 1300 1449 Darauff
1311 1377 1364 1442 ich

116 1482 205 1547 mich
232 1483 295 1547 dan
318 1481 477 1565 jederzeit
504 1481 560 1547 der
583 1480 709 1568 gebiihr
730 1480 812 1545 nach
835 1505 894 1545 zue
918 1481 1085 1545 erlrlehren
1109 1480 1215 1544 werde
1237 1479 1365 1554 wissen,

115 1583 183 1647 und
206 1582 294 1648 ihme
316 1582 501 1647 immittelst
523 1582 649 1647 selehes
671 1582 775 1646 neben
796 1580 970 1667 gottlicher
989 1580 1206 1668 empfehlung
1221 1579 1365 1666 anfugen
1468 1588 1478 1607 ⁴

115 1684 247 1747 wollen.
293 1683 412 1748 Datum
436 1683 556 1769 Elbing
578 1684 640 1747 den
666 1684 703 1746 19
728 1682 921 1746 Novembris
945 1686 1042 1745 Anno
1066 1684 1157 1746 1627.

203 1839 293 1902 Tyska
312 1838 426 1902 Reglstr.
449 1841 520 1887 1627.
559 1841 615 1887 ’An
635 1838 687 1886 den
708 1837 881 1887 Stadthaltsr
898 1852 946 1886 aue
965 1837 1197 1901 Braunssberglr.»

115 2313 193 2367 466.
237 2311 307 2367 will
328 2311 442 2367 Johan
464 2311 702 2367 Oxenstierna'.
901 2309 1028 2379 Elbing
1049 2311 1083 2367 6,
1106 2312 1147 2366 21
1167 2310 1250 2366 Nos.
1273 2310 1365 2366 1027.

209 2525 355 2589 Faderllga
374 2527 520 2587 maningar
537 2525 656 2574 rorando
675 2526 743 2573 bans
762 2525 868 2574 studies
886 2526 938 2575 och
955 2527 989 2575 111
1008 2525 1053 2574 vid
1073 2524 1274 2574 universitetet.

705 2671 778 2734 Fili.

203 2786 350 2851 Avocavi
384 2786 516 2852 fratrem
550 2802 653 2863 tuum,
687 2804 784 2875 teque
819 2789 923 2852 adhuc
955 2788 989 2852 iu
1023 2789 1201 2853 Academia
1231 2786 1364 2875 reliqui3

114 2889 203 2976 quod
231 2902 306 2951 aetas
328 2902 385 2951 tua
407 2889 547 2953 tenerior
569 2888 672 2975 magis
695 2888 797 2953 literis
820 2912 915 2975 quam
938 2889 1034 2954 armis
1056 2889 1232 2953 tractandis
1257 2888 1362 2952 videa·

114 3004 171 3053 tur
200 2991 449 3053 accommodata.
498 2988 640 3063 Colloca,
663 3012 779 3076 quaeso,
802 2989 863 3053 hoe
887 3013 997 3075 parum
1022 2991 1185 3076 temporis,
1209 2989 1293 3076 quod
1317 3012 1364 3053 re·

113 3089 243 3176 liquum
276 3104 334 3167 est,
368 3090 458 3166 bene,
493 3102 530 3154 ut
562 3089 764 3176 inposterum
798 3091 951 3154 bonarum
980 3090 1144 3154 literarum
1168 3091 1363 3174 adjumentis

114 3190 271 3254 suffultus
304 3190 415 3254 maiori
448 3213 523 3254 cum
557 3191 725 3255 commodo
753 3215 789 3255 ac
816 3191 944 3265 honore,
974 3214 1009 3255 ac
1033 3190 1145 3255 maiori
1168 3215 1241 3254 eum
1265 3190 1363 3254 eonfi-

113 3292 227 3356 dentia
249 3289 475 3378 Reip[ublieae]
497 3290 640 3355 consiliis
664 3307 698 3355 et
720 3315 816 3379 opere
840 3290 1004 3369 inservire,
1028 3315 1064 3355 ae
1087 3315 1144 3378 pro
1168 3290 1314 3378 principe
1331 3304 1365 3355 et

114 3392 222 3478 patria
245 3413 332 3454 arma
352 3391 436 3455 ferre
460 3413 568 3476 queas.

201 3491 382 3556 Secundum
417 3492 548 3577 pietatis
582 3492 689 3556 studia
718 3507 752 3555 et
778 3493 914 3557 eximios
937 3516 1049 3568 mores,
1073 3493 1291 3579 eloquentiam
1314 3494 1362 3556 in·

114 3591 228 3679 primis
261 3592 413 3668 excolite,
447 3605 483 3655 ut
516 3606 549 3656 et
582 3593 748 3676 elegant-er
780 3594 868 3657 dicas
902 3608 935 3658 et
962 3594 1119 3657 concinne
1147 3594 1275 3665 scribas,
1299 3615 1364 3680 quo

114 3693 216 3757 animi
239 3715 331 3757 sensa
353 3706 490 3779 utroque
513 3694 609 3757 modo
632 3693 774 3757 dilucide
797 3711 893 3781 atque
916 3695 1077 3781 explicate
1097 3693 1230 3758 reddere
1245 3695 1363 3781 possis3

113 3794 172 3856 vix
204 3793 291 3857 enim
326 3793 498 3879 quicquam
531 3808 589 3871 est,
623 3795 710 3879 quod
738 3794 1013 3860 adolescentulum
1036 3796 1179 3859 nobilem
1203 3796 1306 3880 magis
1329 3808 1364 3858 et

113 3893 180 3957 suis
215 3907 249 3957 et
279 3893 351 3957 aliis
373 3893 586 3959 commendet.
636 3895 860 3959 Germanicam
883 3895 1026 3983 linguam
1050 3896 1271 3981 Gallicamque
1293 3895 1363 3958 noli

112 3994 289 4082 negligere,
313 4017 387 4058 cum
409 3994 471 4059 tibi
494 3995 666 4082 aliquando
689 3996 829 4061 maxime
853 3998 917 4060 sint
936 3997 1009 4060 usui
1024 3998 1150 4061 futura.
1188 3997 1260 4082 Ego
1276 4018 1361 4059 nunc

113 4095 228 4180 procul
263 4094 387 4173 absens,
421 4119 494 4160 curn
529 4097 592 4160 alio
622 4097 717 4160 modo
745 4120 912 4183 nequeam,
936 4096 1117 4161 hortatibus
1140 4121 1176 4161 ac
1198 4097 1283 4159 votis
1305 4110 1362 4160 tua

113 4196 223 4261 studia
240 4196 332 4279 juvo,
357 4220 392 4261 ac
415 4198 517 4262 atatis
539 4197 800 4261 imbecillitatem
821 4197 938 4275 fulci03
962 4199 1161 4284 exspectatio
1185 4209 1290 4261 autern
1311 4198 1361 4260 tui

113 4319 186 4361 mea
219 4308 310 4360 tanta
341 4310 398 4373 est,
431 4313 469 4361 ut
501 4321 625 4362 summa
654 4322 786 4385 quaeque
813 4298 893 4362 mihi
916 4298 1025 4362 abste
1049 4300 1248 4384 promittam3
1275 4299 1360 4362 unde

112 4397 163 4460 tui
199 4397 338 4461 muneris
371 4397 433 4462 erit
463 4421 527 4461 non
550 4422 674 4485 aequare
697 4413 833 4476 tantum,
857 4398 913 4462 scd
936 4413 969 4463 et
991 4422 1139 4484 superare
1162 4422 1234 4485 spes
1258 4418 1362 4478 meas,

112 4497 211 4583 idque
245 4498 388 4582 impense
422 4498 512 4574 eniti,
537 4513 583 4562 'nt
615 4499 779 4564 cumulata
805 4498 1031 4564 bencdictione
1058 4500 1091 4562 in
1114 4513 1145 4563 te
1170 4523 1241 4564 mea
1263 4500 1363 4564 altius

112 4620 243 4683 semper
276 4597 438 4684 adsurgas,
472 4623 536 4685 quo
569 4622 646 4663 casu
676 4622 791 4664 usurus
814 4623 864 4663 me
887 4622 929 4677 es,
953 4601 980 4663 si
1004 4601 1070 4664 vitu
1093 4603 1247 4687 suppetit,
1270 4616 1361 4688 patre
