3264 5354
1228 491 1267 554 65

74 674 129 720 tum
151 658 266 734 fuerit,
294 672 332 722 ut
353 658 449 723 focile
473 658 581 722 caveri
604 679 696 743 posse
719 658 883 729 existimo,
906 672 984 743 puto
1007 658 1172 722 securitati
1196 671 1310 721 nostrae

75 759 109 822 sic
128 760 207 824 sutis
230 771 449 845 prospectum,
473 774 569 845 atque
591 757 635 835 id,
659 758 744 846 quod
766 758 926 844 reliquum
946 771 1005 835 est,
1023 759 1117 823 armis
1133 759 1311 822 secundum

76 860 165 923 Deum
194 860 315 924 nostris
338 859 469 923 defendi
491 859 617 925 debere.

142 961 428 1039 Quemadmodum
463 982 538 1025 vero
565 973 689 1024 cunctus
711 982 760 1023 res
784 983 908 1047 magnae
930 958 1057 1046 maguis
1079 982 1207 1046 quoque
1230 958 1312 1024 diffi-

75 1061 241 1126 cultatibus
264 1060 431 1147 impliciter
454 1074 538 1138 sunt,
561 1061 609 1125 its
630 1060 809 1124 mirandum
832 1083 896 1124 non
919 1074 979 1137 est,
1001 1061 1028 1124 si
1050 1074 1084 1124 et
1106 1060 1158 1125 hic
1179 1082 1212 1124 se
1227 1082 1311 1145 quse·

74 1163 133 1226 dam
159 1163 337 1226 ostendant
359 1162 463 1248 prima
483 1163 601 1237 fronte,
624 1185 694 1247 quse
716 1161 839 1225 ratione
861 1174 894 1225 et
915 1161 1072 1248 propositi
1094 1160 1311 1225 obstinatione

75 1284 121 1346 per
150 1263 217 1327 Dei
251 1263 388 1348 grstium
422 1262 564 1348 superari
592 1275 753 1347 poterunt.
802 1260 992 1326 Dantiscum
1015 1262 1180 1348 proposito
1203 1275 1313 1325 nostro

75 1363 190 1427 obstare
223 1363 365 1439 videtur,
399 1362 475 1427 urbs
508 1386 573 1427 uon
605 1362 776 1447 impotens,
810 1385 905 1449 qusm
940 1375 996 1427 aut
1028 1362 1163 1426 amicum
1193 1375 1251 1426 sut
1277 1360 1311 1425 in

77 1464 299 1548 'potestatem'
326 1464 490 1528 reductam
512 1485 581 1527 esse
605 1476 741 1548 oportet,
765 1463 951 1548 priusquam
973 1461 1108 1526 ulterius
1130 1462 1313 1549 progredia-

76 1588 143 1629 mur.
190 1565 319 1629 Deinde
344 1563 392 1626 vis
414 1578 447 1628 et
469 1565 619 1650 potentis
639 1563 732 1651 regni
757 1563 950 1628 *Polouiae‘.

145 1666 201 1730 ed
232 1666 372 1750 primum
400 1664 484 1750 quod
508 1665 633 1742 sttinet,
656 1665 794 1751 quisque
816 1687 923 1728 rerum
946 1666 1086 1750 prudens
1108 1664 1205 1729 focile
1224 1662 1313 1748 judi·

75 1766 157 1841 cabit,
193 1780 307 1851 portus
343 1765 574 1830 'Decrianum'
609 1765 840 1851 possessiouem
878 1780 911 1829 et
943 1766 1082 1830 liberum
1115 1765 1313 1850 minimeque

74 1868 257 1954 impeditum
291 1889 387 1929 usum
420 1865 556 1931 consilio
585 1865 661 1930 huie
689 1888 757 1930 esse
781 1866 911 1930 omnino
933 1865 1160 1941 necessarium,
1183 1877 1253 1929 tum
1277 1877 1314 1928 ut

75 1967 180 2032 babeat
216 1967 268 2031 ⁵8.
296 1968 334 2031 lt.
359 1968 473 2031 llrtss*
498 1981 636 2052 portum,
659 1954 693 2031 iu
716 1989 811 2052 quem
836 1976 933 2031 nares
955 1967 1052 2054 regite
1075 1990 1110 2031 se
1133 1966 1313 2043 conferant,

75 2069 121 2132 ubi
151 2093 184 2134 se
220 2069 380 2145 reficiant,
406 2091 481 2132 curu
504 2089 584 2154 opus
606 2067 658 2144 sit,
682 2068 883 2153 militemque
905 2081 977 2132 tuto
1000 2080 1166 2153 exponunt
1189 2080 1245 2131 sut
1267 2089 1313 2131 rc·

75 2170 199 2255 cipisnt3
236 2184 307 2232 tum
342 2191 382 2233 ne
414 2169 442 2232 is
475 2185 587 2255 portus
619 2168 654 2232 in
687 2168 788 2233 hostis
817 2179 976 2253 potestate
999 2169 1052 2243 sit,
1076 2168 1161 2233 unde
1184 2166 1314 2232 hostilis

74 2293 197 2357 qunque
233 2269 405 2333 adversum
439 2292 497 2333 nos
530 2270 652 2355 suscipi
686 2292 722 2333 sc
756 2269 877 2334 bellum
905 2268 1009 2354 parari
1035 2269 1146 2354 possit.
1191 2269 1312 2333 Urbem

74 2394 191 2458 quoque
228 2370 282 2434 vel
311 2370 429 2434 socium
458 2383 492 2435 et
514 2369 659 2445 emicem,
682 2369 734 2435 vel
758 2371 858 2454 'juris
881 2369 1001 2433 nostri*
1025 2392 1094 2434 esse
1117 2382 1254 2456 oportet,
1277 2384 1314 2432 ut

75 2471 109 2534 sit
138 2472 231 2536 nobis
265 2472 358 2535 loeus
391 2484 490 2546 tutus,
516 2471 551 2534 in
578 2494 641 2556 quo
662 2492 712 2535 res
735 2492 846 2535 omnes
867 2471 991 2535 bellicae
1015 2469 1201 2535 necessarie
1223 2469 1314 2534 colli·

75 2587 181 2657 gsntur
214 2586 250 2636 et
283 2572 501 2648 adserventur,
536 2584 735 2636 commestus
763 2570 922 2635 exercitui
950 2570 1207 2656 suppeditentur,
1231 2571 1313 2636 etsi

15 2656 16 2687 ³
75 2695 135 2758 quae
169 2674 280 2738 eludes
315 2672 470 2737 acciderit
500 2675 553 2757 (ut
579 2686 655 2736 sunt
681 2695 731 2736 res
754 2671 901 2736 humenae
922 2671 1052 2736 incertae
1075 2695 1112 2736 uc
1133 2671 1315 2754 instabiles)

15 2826 16 2839 ,
75 2796 129 2857 qno
161 2797 195 2838 se
229 2773 378 2859 reliquiae
407 2775 550 2858 recipere
576 2788 698 2859 queant
720 2786 753 2837 et
775 2795 894 2837 novum
919 2774 1099 2836 exercitum
1122 2773 1314 2851 instaurare;

75 2874 223 2960 inprimis,
246 2898 288 2939 ne
311 2897 348 2939 ea
370 2875 485 2939 civites
508 2874 611 2938 hostis
633 2872 718 2937 vires
741 2889 858 2959 sugent
880 2886 913 2937 et
935 2873 1054 2937 infesta
1070 2873 1314 2961 progredientes

15 3014 16 3023 κ
76 2989 243 3040 remoretur
278 2988 336 3039 sut
367 2974 518 3039 retrahet.
575 2974 806 3038 'Dentiscum''
840 2974 949 3060 itsque
983 2974 1222 3038 sollicitandum
1254 2975 1315 3039 erit

76 3099 125 3160 per
146 3077 390 3151 conlaederstos,
413 3088 451 3139 ut
471 3098 529 3139 sua
551 3089 665 3160 sponte
690 3076 835 3160 pertibus
858 3074 975 3138 nostris
997 3097 1030 3139 se
1054 3075 1219 3161 adiunget,
1237 3075 1315 3139 ami·

15 3158 16 3227 Ῐ
75 3198 139 3240 cnm
163 3177 318 3253 declaret,
342 3176 553 3262 hostibusque
576 3199 640 3238 nou
663 3177 758 3240 modo
781 3175 1069 3239 consaederstorum
1086 3175 1241 3251 omnium,
1257 3174 1313 3239 sed

75 3294 104 3339 et
132 3279 195 3364 ipsi
229 3277 394 3341 'Polono'
428 3277 600 3352 renuntiet,
634 3290 731 3361 utque
762 3289 799 3340 ut
827 3277 929 3362 'Regi
952 3276 1043 3339 meo*
1067 3276 1200 3362 eiusque
1223 3299 1315 3340 exer·

76 3378 147 3442 citui
181 3392 312 3465 portum
346 3400 438 3441 suum
466 3378 600 3464 aperiat,
628 3377 807 3442 necessaris
829 3376 982 3440 elimenta
1000 3377 1090 3461 justo
1114 3377 1219 3462 pretio
1242 3377 1315 3441 sub·

76 3480 239 3555 ministret,
272 3502 332 3543 nee
366 3479 427 3542 sibi
461 3480 596 3543 durante
630 3478 693 3542 hoc
726 3476 812 3542 bello
845 3478 1017 3563 quicquam
1047 3499 1217 3542 commune
1240 3500 1314 3541 cum

77 3579 231 3645 'Polono'
255 3594 313 3644 aut
335 3579 402 3643 ullo
425 3579 517 3645 hoste
541 3579 591 3642 ⁵8.
614 3580 652 3643 R.
676 3579 785 3643 lllztis'
809 3600 879 3642 esse
901 3579 995 3642 sinat.
1039 3578 1114 3643 Haec
1132 3580 1158 3642 si
1176 3578 1316 3642 obtineri

77 3702 131 3743 non
164 3692 313 3767 possunt,
352 3694 387 3743 ut
420 3695 469 3743 est
501 3679 665 3755 credibile,
699 3677 879 3743 necessario
913 3677 1142 3742 ⁴*l)untiscani’
1177 3678 1315 3766 cogendi

76 3796 161 3846 erunt
198 3781 238 3845 sd
271 3780 475 3865 obsequium,
505 3794 602 3865 atque
624 3792 663 3843 ut-
685 3802 811 3843 securos
833 3801 891 3842 nos
915 3800 932 3841 a
955 3792 1047 3864 tergo
1070 3792 1222 3866 praestent
1244 3802 1317 3865 pro-

77 3884 260 3966 gredientes,
285 3893 319 3944 et
342 3882 511 3945 redeuntes
534 3882 602 3944 sine
625 3880 816 3945 difficultate
838 3879 1004 3966 recipiant.

152 3982 258 4047 Credo
292 3981 442 4067 equidem
475 3981 536 4046 hoc
571 4004 633 4045 non
668 3981 817 4045 omnibus
851 3981 1031 4056 amisorum,
1060 4004 1133 4044 cum
1163 3979 1237 4057 sint,
1259 3979 1316 4064 qui

77 4104 244 4165 prucorum
278 4105 433 4147 annorum
464 4081 656 4146 commercio
679 4081 807 4146 maioris
830 4080 960 4155 faciant,
984 4104 1078 4167 quam
1103 4081 1245 4145 omnium
1269 4102 1317 4143 ss·

78 4182 169 4248 lutem
208 4183 379 4268 publicam,
414 4196 469 4247 out
495 4199 612 4247 cuncta
638 4184 741 4248 everti
768 4183 891 4259 malint,
915 4204 1009 4266 quem
1034 4183 1103 4267 peti
1126 4182 1164 4246 ad
1187 4194 1317 4266 tempus

79 4284 165 4367 genio
189 4307 248 4348 erro
272 4285 445 4371 quicquum
463 4282 604 4365 detrahi.
650 4283 773 4346 Horum
796 4306 873 4346 vero
891 4282 1017 4367 judicio
1039 4282 1124 4346 sicut
1139 4304 1190 4345 res
1206 4304 1316 4369 gerere

78 4407 134 4449 non
156 4400 209 4449 est
230 4408 272 4449 ex
295 4407 353 4448 usu
377 4384 550 4461 communi,
572 4385 618 4448 ite
640 4399 762 4449 certum
786 4397 844 4457 est,
867 4382 1028 4447 neminem
1049 4405 1217 4464 passurum
1233 4405 1317 4447 com·

79 4488 263 4550 merciorum
296 4507 425 4549 suorum
455 4485 625 4568 jucturam,
660 4486 687 4549 si
720 4498 837 4549 cuncta
870 4483 908 4546 ad
944 4483 1097 4546 trutinum
1124 4484 1258 4548 rationis
1285 4497 1318 4548 et

79 4601 192 4650 statum
217 4587 309 4671 regni
333 4585 514 4649 *Poloniae*
539 4585 723 4651 examinsts
738 4586 871 4649 fuerint.
911 4589 956 4648 At
971 4585 1056 4669 quod
1074 4585 1319 4661 ’Dentiscurn*,

80 4686 215 4771 sijusta
243 4686 290 4750 vis
318 4686 418 4750 fuerit
440 4686 593 4765 adhibite,
617 4685 797 4773 expugnari
821 4686 932 4770 possit,
955 4686 994 4751 de
1018 4708 1057 4749 eo
1080 4707 1164 4750 nunc
1187 4685 1318 4772 quidem

154 4809 219 4858 Aul
239 4809 398 4859 Ormeticrnc
417 4811 438 4857 1:
456 4815 479 4857 3.
1235 4802 1252 4855 5
