3314 5362
1236 415 1297 479 113

102 580 297 665 suspendere,
332 578 396 642 nisi
429 592 564 655 constet,
592 601 629 644 ea
656 602 719 643 nou
746 593 985 666 reassumptum
1007 580 1067 645 iri?
1109 580 1204 660 Quod
1227 582 1254 645 si
1277 580 1342 645 huc

102 679 170 743 belli
204 679 414 743 relabentium
449 679 519 759 erit,
552 679 585 743 id
619 680 772 767 temporis
804 681 947 745 omnium
972 705 1079 746 rerum
1102 681 1340 768 preciosissimi,

101 778 178 864 quod
212 781 320 865 periit,
354 781 473 845 frustra
506 782 634 846 demum
667 781 801 867 periisse
836 782 1075 868 quiritabimur;
1108 805 1167 846 nec
1190 784 1261 860 crit,
1285 783 1341 869 qui

101 880 183 944 nobis
212 881 264 945 vel
285 881 444 967 temporis
466 880 594 967 lapsum
615 881 667 945 vel
691 882 877 947 occasiones
898 883 945 947 rei
968 882 1115 968 gerenda
1138 905 1211 947 cum
1235 906 1342 969 sump

101 981 178 1044 tibus
202 982 362 1046 restituet.

175 1082 314 1146 Obstant
347 1106 476 1169 quoque
509 1081 650 1168 plurima
677 1098 710 1149 et
736 1084 880 1148 enormia
906 1083 987 1147 vitia
1009 1106 1045 1147 ac
1068 1083 1216 1149 desectus
1238 1084 1341 1169 pleni·

101 1184 312 1265 potentiarum
347 1197 536 1247 vestrarum.
591 1182 699 1248 Primo
732 1184 818 1249 enim
853 1184 923 1248 Rex
957 1196 1063 1248 vester
1093 1185 1128 1247 in
1156 1207 1213 1248 sua
1236 1185 1341 1271 Regni

101 1282 216 1347 Sueciae
238 1283 373 1348 titulum
398 1296 541 1370 usurpat.
579 1284 706 1348 Deinde
718 1285 841 1369 justam
856 1284 918 1348 sibi
933 1284 1013 1349 belli
1029 1307 1156 1348 causam
1174 1286 1213 1349 de
1229 1308 1341 1372 regno,

102 1398 130 1446 ut
158 1398 262 1461 vocat,
297 1408 356 1448 suo
389 1384 584 1449 haeriditario
617 1399 650 1448 et
678 1385 845 1471 provincia
866 1384 1012 1449 Livouiae
1035 1385 1212 1450 adseverat.
1256 1386 1341 1450 Tum

100 1484 237 1549 inducias
260 1498 382 1572 pactas,
405 1499 441 1550 ut
462 1485 555 1549 uobis
578 1484 790 1571 resipiscendi
806 1485 949 1572 spacium
966 1487 1017 1550 sit.
1056 1486 1177 1565 Quarto
1194 1485 1341 1550 Sueticos

101 1608 149 1648 nos
169 1601 299 1649 tantum
323 1585 558 1650 commissarios
581 1586 735 1672 appellat,
757 1586 847 1650 nulla
862 1586 949 1650 facta
964 1586 1127 1650 mentione
1144 1586 1174 1650 S.
1190 1587 1228 1651 R.
1242 1587 1339 1664 Mais,

102 1685 214 1750 domini
248 1687 349 1751 nostri
384 1686 637 1764 clement-issimi,
672 1710 690 1750 a
723 1710 786 1774 quo
819 1709 948 1752 omnem
977 1700 1171 1774 potestatem
1198 1703 1339 1752 nostram

37 1818 39 1907 p
101 1786 258 1864 babemus,
293 1801 328 1852 et
360 1786 501 1851 babituri
535 1800 619 1865 suut,
655 1787 840 1873 quicunque
870 1786 901 1852 ei
927 1787 1065 1875 negocio
1087 1788 1339 1874 deputabuntur.

37 1910 39 1963 t
102 1887 212 1965 Quinto
245 1900 388 1974 potestas
416 1888 484 1951 haec
507 1888 764 1975 prorogationem
787 1902 914 1953 tantum
937 1888 1066 1953 ridetur
1089 1903 1234 1973 spectare
1257 1888 1340 1976 prio·

101 2010 161 2051 rum
182 1989 399 2063 induciarum,
417 2002 450 2053 et
465 2002 557 2053 sexto
572 1989 784 2076 adstringitur
797 1988 1005 2053 instructioni
1020 1989 1117 2076 regiae
1133 2027 1172 2035 —
1186 2011 1256 2075 quae
1271 1990 1341 2076 qui·

102 2088 163 2152 dem
197 2090 298 2153 Dzoni
327 2101 440 2153 vestrae
467 2090 539 2153 loco
566 2090 727 2154 cautionis
749 2103 799 2153 est
821 2103 863 2167 et,
886 2090 912 2153 si
937 2090 1020 2153 bona
1040 2090 1151 2165 fuerit,
1174 2090 1263 2176 pacis
1286 2114 1340 2154 ne·

101 2189 221 2275 gotium
258 2191 471 2275 promovebit,
506 2204 539 2254 at
565 2204 603 2253 ut
628 2190 784 2277 promissa
806 2205 912 2255 vestra
934 2190 995 2254 hac
1017 2189 1150 2254 limitari
1175 2204 1230 2254 aut
1252 2191 1341 2256 eludi

37 2282 39 2439 p
102 2303 220 2374 queant,
249 2314 315 2355 non
337 2305 386 2354 est
408 2314 425 2355 e
448 2313 482 2355 re
506 2313 542 2353 ac
564 2291 734 2354 securitate
757 2306 873 2355 nostra.
918 2291 1066 2376 Denique
1089 2291 1340 2355 reservationem

37 2454 39 2461 ,
98 2391 168 2472 juris
191 2392 226 2455 in
247 2392 397 2478 Regnum
415 2391 538 2455 Sueciae
552 2413 588 2454 aa
604 2392 758 2477 Magnum
774 2392 936 2456 Ducatum
952 2391 1138 2468 Finlandiae,
1155 2404 1192 2456 ut
1208 2392 1341 2456 noxiam

37 2464 39 2609 l
102 2488 168 2556 huic
201 2492 357 2556 tractatui
391 2506 425 2557 ct
457 2515 546 2578 spem
574 2514 700 2556 omnem
728 2491 804 2556 boni
831 2504 967 2557 eventus
989 2491 1226 2578 presidentem,
1248 2493 1340 2557 nullo

37 2656 38 2685 ,
102 2593 186 2656 modo
220 2594 390 2658 admittere
423 2614 599 2678 possumus.
655 2592 734 2656 Sunt
769 2605 802 2657 et
831 2593 937 2679 plures
963 2594 1109 2657 defectus
1132 2593 1165 2656 in
1188 2591 1247 2657 hac
1269 2594 1341 2680 ipsa

37 2730 39 2781 ξ
102 2692 330 2781 plenipotentia
362 2694 459 2781 regia,
493 2707 527 2758 et
558 2693 624 2756 illis
657 2693 829 2778 respondet
861 2716 1030 2779 procerum
1063 2706 1213 2779 potestus,
1244 2718 1339 2780 quarn

37 2822 39 2905 p
102 2815 157 2857 uon
189 2809 272 2882 puto
305 2817 409 2881 operar
443 2795 590 2880 praet-ium
624 2817 692 2866 esse
724 2816 810 2858 nuuc
839 2794 933 2858 altius
961 2816 1218 2859 commemorare.
1262 2795 1340 2859 Haec

102 2894 206 2959 saltem
242 2895 333 2959 volui
367 2895 463 2959 Dzoni
498 2908 610 2960 vestrae
643 2895 677 2958 in
704 2895 891 2959 memoriam
913 2917 1074 2969 revocare,
1097 2908 1165 2959 tum
1189 2895 1274 2981 quod
1299 2896 1339 2959 de

37 2988 38 3043 Ῐ
102 2994 205 3059 iisdem
242 3009 299 3059 aut
333 2996 511 3082 potioribus
545 3009 652 3060 actum
685 2997 770 3060 inter
801 3019 859 3059 nos
893 3008 967 3058 ante
995 2995 1106 3059 multis
1134 2996 1184 3072 sit,
1211 3008 1279 3059 turn
1303 3009 1341 3060 ut

37 3182 38 3189 ἵ
103 3093 310 3183 D[ominat]irr
342 3110 451 3161 vestra
483 3095 601 3172 videat,
636 3110 781 3183 acceptas
809 3095 934 3159 tabulas
960 3096 1193 3182 procuratorias
1215 3119 1280 3160 uon
1303 3119 1340 3160 ea

37 3232 38 3255 1
103 3194 156 3259 lide
182 3222 219 3262 ae
247 3198 421 3261 securitate
443 3220 512 3261 esse
535 3210 718 3283 conceptas,
741 3210 778 3260 ut
800 3197 866 3260 vim
890 3219 1049 3260 armorum
1073 3195 1103 3259 S.
1128 3196 1164 3260 R.
1189 3197 1277 3260 Mais
1300 3197 1340 3261 si-

37 3310 39 3317 *
104 3309 174 3362 stere
196 3311 331 3385 queant.

175 3399 212 3464 Id
235 3413 347 3462 tamen
370 3399 584 3484 persuasimus
607 3399 690 3486 Regi
713 3411 831 3474 nostro,
855 3410 891 3460 ut
912 3396 1146 3461 commissarios
1170 3420 1243 3462 suos
1265 3421 1340 3462 oon-

104 3498 250 3576 stitueret,
286 3499 343 3585 qui
375 3499 647 3586 congrederentur
680 3523 754 3564 cum
788 3495 1043 3586 D[ominat]i0ne
1074 3511 1180 3562 vestra
1206 3521 1242 3562 ac
1265 3497 1340 3562 dzno

104 3599 261 3684 capitaneo
285 3600 455 3675 Denholio‚
478 3600 582 3664 acturi
605 3600 645 3664 de
668 3599 755 3664 hisce
773 3613 868 3685 atque
885 3599 956 3662 aliis
972 3598 1154 3663 defectibus
1172 3600 1340 3685 potestatis

104 3713 204 3764 restrae
226 3714 262 3765 et
284 3700 447 3787 cognituri
470 3701 595 3786 reliqua
617 3702 768 3764 mandata
790 3713 906 3777 vestra,
929 3713 967 3764 ut
989 3699 1016 3763 si
1038 3699 1094 3763 illa
1114 3700 1200 3764 votis
1221 3700 1340 3764 nostris

104 3802 318 3886 respondeant,
347 3823 387 3864 ne
411 3824 475 3888 qua
497 3801 622 3866 occasio
643 3801 828 3888 negligatur
850 3799 984 3865 sistendi
1006 3800 1173 3887 sanguinis
1195 3800 1339 3876 humaui,

105 3903 150 3984 qui
171 3903 249 3966 alias
272 3901 453 3966 necessario
478 3901 719 3989 profundendus
742 3901 811 3965 erit.
857 3900 961 3987 quue
982 3914 1020 3964 ut
1042 3902 1224 3987 promptius
1247 3900 1277 3963 S.
1300 3900 1338 3964 R.

106 3999 188 4065 llztas
210 4004 301 4079 velit,
325 4002 359 4066 in
381 4025 478 4066 causa
500 4016 557 4079 est,
581 4003 666 4089 quod
690 4000 757 4066 haec
780 4014 884 4065 vestra
906 4001 1153 4087 plenipotentia,
1178 4000 1237 4064 etsi
1253 4000 1339 4064 suffi-

106 4101 179 4165 ciens
203 4126 272 4168 non
300 4117 489 4176 esttamen
513 4116 678 4189 utcunque
700 4125 810 4190 regem
834 4103 940 4188 ipsum
964 4102 1162 4188 adstringere
1185 4116 1218 4165 et
1241 4101 1338 4187 paulo

106 4204 235 4289 propius,
269 4227 365 4291 quam
400 4204 546 4281 antehac,
581 4204 620 4269 ad
653 4226 720 4268 rem
755 4203 906 4268 accedere
940 4201 1078 4279 videtur,
1106 4201 1285 4287 praesertim
1311 4202 1338 4265 si

106 4306 244 4370 secretior
266 4305 447 4383 instructio,
470 4319 508 4368 ut
529 4305 698 4382 credimus,
722 4305 805 4369 hanc
827 4318 967 4367 vestram
989 4303 1258 4389 plenipotentiam
1273 4325 1338 4366 non

108 4416 161 4467 tam
187 4406 350 4481 everterit,
381 4427 476 4492 quam
502 4407 601 4491 aequis
624 4405 712 4469 etin
736 4427 815 4490 pace
838 4426 875 4468 ac
898 4403 1041 4466 amicitia
1062 4401 1206 4466 fundatis
1229 4403 1338 4466 condi-

107 4503 235 4571 tionibus
268 4506 455 4571 muniverit.
505 4506 597 4585 Quod
621 4506 648 4569 si
671 4506 773 4593 igitur
796 4504 892 4569 Dtoui
915 4521 1028 4568 vestrae
1049 4504 1183 4590 ejusque
1206 4503 1339 4590 collegae

108 4603 250 4687 placuerit
272 4608 452 4684 nobiscum,
476 4629 556 4693 quos
579 4605 610 4670 S.
633 4606 670 4670 R.
693 4607 789 4671 M:tas
812 4603 983 4669 constituit
1005 4603 1238 4669 commissarios
1254 4626 1339 4680 suos,

178 4733 236 4780 Aac!
254 4733 417 4782 Orsuatlcruu
436 4731 458 4777 1.-
475 4734 499 4777 ³.
1254 4721 1272 4775 8
