3248 5328
1222 444 1285 509 329

81 612 258 677 incitentur
291 612 382 676 *Rex
415 610 608 676 Britanniae*
621 613 658 694 ¹).
688 611 758 697 ipse
782 610 937 676 *Elector
958 610 1246 699 Brandeburgicus,
1269 611 1328 677 Or·

81 712 170 777 dines
204 711 372 800 Belgii'2)
404 727 499 799 atque
533 711 598 776 alii.
654 710 804 801 Inprimis
836 713 878 776 ‘ds
911 735 1051 799 operam,
1079 726 1116 777 ut
1143 711 1212 777 haec
1240 726 1327 778 recte

82 812 333 899 persuadeantur
366 812 486 899 *Regis
518 811 681 877 Bobemiae
715 812 820 890 matri,
854 812 1007 880 Electrici
1037 812 1211 878 Palatinae*
1224 813 1261 895 ⁸),
1290 829 1326 879 ut

82 915 133 978 ’et
153 914 287 1001 ipas*⁴)
309 913 343 978 in
364 913 478 979 eodem
501 913 653 991 elaboret,
676 936 757 978 neve
779 913 921 1001 patiatur
942 914 1000 979 has
1022 914 1207 981 occasiones
1227 914 1328 979 mani·

82 1014 138 1078 bus
160 1015 229 1079 suis
252 1037 289 1079 ac
311 1036 442 1079 suorum
464 1011 559 1078 elabi.

163 1114 286 1195 Quodsi
308 1113 390 1179 nihil
414 1113 501 1179 aliud
525 1113 712 1187 obtinueris,
734 1113 840 1179 danda
862 1113 923 1179 tibi
939 1113 1127 1200 cumprimis
1142 1138 1239 1201 opera
1254 1117 1327 1193 erit,

81 1239 118 1280 ne
140 1215 210 1280 baec
232 1229 299 1280 tam
316 1214 397 1280 bene
413 1216 565 1302 cogitoso,
581 1230 648 1279 tem
663 1215 717 1302 pie
732 1214 903 1291 destinata,
919 1215 1079 1280 morsibus
1093 1216 1325 1282 malevolorum

81 1331 112 1380 et
131 1315 457 1403 interpretationibus
479 1315 532 1380 vel
554 1315 738 1380 invidorum
759 1316 810 1379 vel
826 1315 996 1381 bominum
1009 1317 1165 1382 inertium
1180 1318 1326 1383 traducta

81 1416 158 1481 vitio
190 1416 242 1481 ¹8.
265 1416 304 1481 R.
327 1415 459 1498 111191)
480 1430 656 1493 vertantur,
680 1416 766 1503 quod
788 1440 860 1481 cum
884 1417 1002 1482 'alibi'
1017 1417 1045 1499 ⁶)
1067 1440 1178 1482 curare
1200 1418 1326 1496 debeas,

81 1533 146 1582 turn
183 1517 237 1581 'in
272 1517 347 1582 suls
371 1515 651 1604 Brandeburgioa*
664 1516 692 1598 1)
717 1517 751 1581 id
773 1530 888 1603 praeter
909 1530 1016 1583 cetera
1037 1540 1133 1606 agere
1155 1517 1325 1605 oportebit

81 1618 179 1683 Caute
212 1616 427 1683 nihilominus
459 1618 534 1683 istic
567 1619 687 1682 versari
719 1617 824 1694 decet,
851 1640 956 1705 neque
984 1618 1051 1683 baec
1079 1619 1229 1705 cuiquam
1252 1642 1327 1684 con·

80 1720 218 1797 eredere,
249 1718 433 1806 priusquam
457 1718 660 1783 intellectum
681 1716 790 1795 fuerit,
814 1718 866 1781 ⁴¹8.
890 1717 927 1782 R.
950 1719 1063 1784 M:tem
1085 1720 1119 1784 in
1142 1720 1325 1785 Borussiam

9 1890 10 1901 ,
80 1819 302 1906 adpulisse'll)
334 1834 433 1905 atque
466 1818 607 1884 *ibidem
638 1817 753 1904 pedem
775 1817 905 1883 fixisse*
919 1819 956 1903 ⁰),
983 1843 1024 1885 ne
1047 1820 1173 1907 siquid
1197 1820 1324 1886 interim

9 1976 10 1979 ,
80 1919 202 1985 adversi
230 1919 400 2007 contingat
425 1918 477 1984 rel
501 1919 769 2007 'tempestatibus
790 1918 845 1984 rel
863 1918 954 2004 jactu
976 1922 1094 1985 maris*
1107 1920 1149 2005 ¹⁰)
1177 1921 1230 1986 vel
1252 1944 1326 2009 qua·

9 2048 10 2103 ,
81 2043 207 2108 cunque
240 2020 303 2085 alia
336 2020 472 2093 ratione,
500 2034 555 2085 sut
576 2020 604 2084 si
627 2018 704 2107 quid
726 2019 767 2084 ob
788 2019 1043 2085 intervenientes
1065 2043 1175 2087 causas
1197 2023 1325 2087 consilii

80 2120 174 2186 huius
198 2134 358 2186 mutatum
379 2120 489 2197 suerit,
510 2121 543 2186 id
567 2120 607 2186 ad
629 2120 887 2208 qualemcunque
907 2134 1017 2186 notam
1039 2122 1327 2202 *S.R.M:t.is·1¹)

81 2235 231 2309 patescat.
276 2222 322 2287 Te
345 2236 453 2287 autem
478 2244 552 2286 cum
574 2222 656 2286 nihil
678 2222 849 2288 celandum
872 2235 996 2309 putem,
1019 2223 1116 2287 etiam
1138 2224 1198 2288 hoe
1219 2224 1325 2289 visum

81 2337 128 2387 est
159 2323 386 2399 necessarium,
420 2336 457 2387 ut
489 2323 529 2388 de
555 2322 597 2387 'eo
623 2323 817 2410 tempestive
840 2322 1050 2401 admonearis,
1072 2345 1123 2400 ne,
1145 2346 1218 2387 oum
1240 2325 1326 2389 fama

82 2424 119 2489 sd
150 2446 209 2487 ros
243 2422 434 2509 pervenerit,
468 2447 541 2488 curn
570 2438 701 2511 stupore
726 2423 890 2489 rescisces.
935 2423 1027 2501 Vale,
1050 2425 1101 2490 vir
1122 2424 1324 2491 amicissime.

82 2524 208 2611 Raptim
232 2522 434 2589 Stolrholrnic
456 2524 508 2589 die
531 2526 550 2588 6
572 2523 666 2589 Junii
690 2528 787 2589 Anno
810 2524 903 2590 1626.

689 2658 938 2745 Magnificentiae
961 2673 1024 2722 tuae
1047 2658 1262 2724 amicissimus

828 2759 969 2825 Axelius

829 2860 1043 2926 Oxenstierna
1065 2882 1130 2945 mp.

162 2996 201 3060 ln
230 2994 319 3058 bisce
342 2992 446 3059 literis
468 3016 546 3057 usus
568 3014 638 3057 surn
663 2993 804 3081 antiquis
826 2992 943 3058 nostris
966 2992 1215 3070 characteribus,
1238 2994 1323 3080 quod

7 3128 8 3131 ¹
81 3096 153 3159 nori
175 3118 242 3160 non
265 3107 372 3160 essent
394 3095 432 3159 ad
457 3117 595 3158 manurn.

601 3268 804 3331 Postscrlpturn.

34 3456 37 3461 ¹
161 3380 247 3445 Cum
269 3379 326 3444 bas
348 3379 457 3444 literas
480 3402 566 3444 mess
588 3402 690 3444 essem
714 3382 909 3468 signaturus,
932 3381 1111 3446 redduntur
1127 3379 1205 3444 milri
1224 3379 1324 3444 literas

7 3528 9 3549 r
80 3494 141 3545 tue
174 3480 302 3568 scriptas
334 3479 516 3568 Hamburgi
549 3480 602 3545 die
629 3482 670 3544 15
697 3480 785 3559 Maii,
809 3504 898 3567 quas,
921 3494 959 3545 ut
979 3480 1205 3546 refertissimas
1227 3480 1324 3546 rebus

80 3582 174 3646 variis
209 3604 245 3646 se
277 3582 409 3670 cognitu
441 3580 650 3668 dignissimis,
679 3580 727 3645 ita
749 3604 813 3646 non
836 3582 904 3646 sine
928 3594 1059 3668 stupore
1081 3582 1216 3670 perlegi.
1261 3580 1324 3647 Ite·

80 3705 147 3747 rum
172 3683 253 3747 vale.

161 3821 244 3872 111111·
264 3821 455 3885 egerhandtgt
476 3820 604 3885 original,
622 3821 723 3884 lnkopt
741 3821 778 3885 pb
795 3822 1039 3885 samaritica
1057 3823 1068 3870 1
1087 3821 1178 3872 Berlin
1196 3822 1221 3871 d.
1242 3826 1325 3872 1-11

80 3904 139 3955 Okt
169 3908 236 3954 1999
263 3905 292 3955 al
318 3906 412 3968 grelrs
439 3906 523 3955 Ernst
549 3904 614 3955 Oarl
638 3904 800 3966 waldstsin,
819 3906 896 3968 Prag,
913 3905 1028 3954 hrllken
1047 3905 1233 3968 goohsurnltt
1250 3906 1324 3957 rned-

80 3989 155 4040 delat
167 3989 330 4039 donamina.
348 3988 489 4039 ltmlordt
501 3989 563 4039 med
576 3989 765 4052 egerhandlgt
777 3988 900 4051 toneept
912 3989 921 4038 1
931 3987 1152 4039 Oxenstlsrnska
1160 3990 1323 4053 samllugsu.

161 4156 183 4215 ¹)
210 4157 359 4207 Menelaus.
385 4180 419 4192 -
444 4151 466 4216 ⁸)
493 4157 631 4213 Aurelium
684 4156 790 4206 Veneti⁴
817 4181 850 4191 -
876 4153 897 4215 ³)
922 4157 1062 4221 Eutropia
1114 4162 1137 4213 9,
1161 4162 1200 4217 19,
1225 4160 1264 4217 11,
1284 4161 1324 4217 19,

80 4243 121 4297 au
168 4243 654 4303 11111111,11,11,11,11;
700 4238 960 4300 Nauarum—⁴)
975 4244 1015 4301 ro,
1031 4245 1074 4299 11;
1121 4245 1216 4302 1111,
1228 4245 1268 4299 11,
1282 4245 1322 4292 11.

79 4348 110 4359 -
126 4322 147 4384 ⁸)
165 4325 290 4388 scipioni
309 4326 448 4375 Alrloano.
466 4349 501 4361 —
517 4320 538 4384 ⁶)
559 4329 598 4384 19,
616 4329 640 4383 8,
659 4327 700 4385 21,
718 4328 759 4383 10,
777 4328 817 4374 99.
835 4348 869 4359 -
887 4320 908 4385 l)
926 4328 967 4384 91,
987 4328 1031 4383 19;
1076 4328 1280 4386 19,19,19,791

80 4409 234 4461 Andreana.
257 4404 525 4468 -bfledeonemt
574 4412 615 4469 11,
639 4413 682 4466 19;
732 4414 754 4469 1,
777 4412 816 4469 91,
839 4411 1232 4470 resalutaturum
1282 4413 1324 4471 99,

80 4489 879 4556 1111111111,14,1.-1)11,1,11,1,11,1;
925 4496 1200 4554 11,11,11,11,11;
1245 4498 1323 4556 aar,

82 4580 118 4639 tr,
135 4582 176 4639 ss,
195 4593 257 4631 ass.
276 4602 310 4613 -
328 4574 361 4637 ¹⁰)
380 4581 419 4638 11,
437 4580 478 4637 11,
497 4581 521 4638 1,
541 4581 580 4639 11,
598 4579 640 4636 ra,
659 4580 698 4637 14,
718 4581 757 4637 11,
776 4581 816 4637 11,
835 4581 875 4638 11,
893 4579 935 4638 so,
955 4582 976 4637 1,
996 4579 1036 4637 ss,
1057 4581 1099 4636 14³
1144 4580 1184 4638 11,
1198 4580 1279 4638 11,1;

80 4664 118 4719 11,
137 4667 176 4723 11,
195 4665 219 4721 1,
238 4666 279 4724 11,
298 4665 341 4719 11;
390 4665 414 4721 1,
435 4665 473 4721 11,
494 4664 533 4722 11,
551 4664 591 4719 11,
611 4659 935 4720 11,-1111111111.
