3212 5352
1209 424 1270 489 203

69 713 121 766 09.
165 712 237 768 'l'lll
257 712 363 771 Furat
384 714 463 771 Chr.
485 713 664 771 Radnwtl.
896 715 983 783 Bige
1004 715 1038 771 d.
1060 717 1098 771 la
1119 716 1198 771 ott.
1221 716 1312 773 leae.

70 927 173 977 flinder
199 941 299 989 genem
326 929 425 979 honom
452 928 497 980 ttll
524 929 559 978 de
586 929 683 993 poleka
706 929 945 980 kommlssarlerne
964 929 1027 979 bret
1044 929 1164 980 rorands
1182 931 1314 981 tredstbr·

150 1011 333 1075 haudllngen,
358 1012 441 1062 hvars
467 1012 706 1076 dterupptagands
733 1013 881 1077 konungan
908 1028 943 1062 nu
971 1013 1044 1064 etter
1065 1014 1100 1064 de
1121 1015 1239 1064 ssenake
1257 1028 1312 1065 om·

151 1095 260 1145 budens
279 1095 409 1146 beta-telae
427 1097 580 1160 madgltrlt.
616 1095 667 1146 Om
684 1096 858 1160 tangabytet.

488 1225 707 1291 illustrissime
731 1226 894 1313 Princeps.

151 1341 309 1407 Detentio
342 1341 494 1407 diuturna
524 1343 806 1431 subdelegatorum
834 1356 1014 1408 nostrorum
1036 1366 1194 1408 summam
1216 1344 1312 1410 initio

74 1443 252 1529 iratamque
282 1442 493 1508 diffidentium
516 1443 631 1509 animis
654 1443 770 1509 nostris
791 1444 1003 1530 ingeneravit,
1026 1458 1060 1509 et
1081 1458 1177 1532 cepta
1199 1458 1312 1510 tracta·

74 1556 160 1606 tunm
184 1543 287 1629 pacis,
306 1557 344 1609 ut
365 1544 567 1621 videbantur,
590 1568 653 1609 non
675 1545 788 1632 inepta
809 1543 944 1609 exordia
966 1545 1138 1631 interrupit
1159 1546 1314 1611 turbavit·

75 1666 140 1728 que.
195 1644 312 1709 lethaeo
345 1668 421 1710 vero
454 1643 627 1711 eorundem
659 1646 836 1722 restitutio,
862 1645 952 1729 justa
978 1644 1109 1732 quidem
1131 1669 1168 1712 ae
1191 1645 1312 1727 debita,

75 1745 297 1809 confidentiam
330 1745 465 1832 ingenui
492 1745 638 1810 candoris
666 1746 764 1811 vestri
789 1760 929 1811 nostram
952 1746 1087 1810 mirifico
1110 1745 1313 1812 confirmavit

76 1858 114 1923 et,
145 1860 182 1910 ut
214 1847 298 1911 serio
325 1846 515 1911 tractatibus
538 1846 637 1932 pacis,
660 1846 735 1911 dum
760 1846 867 1934 aliqua
888 1845 1002 1911 horum
1026 1868 1096 1934 spes
1119 1847 1312 1925 ostenditur,

76 1944 307 2024 iuberemus,
339 1946 429 2011 fecit.
484 1946 556 2011 Etsi
587 1946 690 2034 igitur
721 1946 902 2034 intelligam
932 1946 1168 2012 commissarios
1190 1961 1312 2013 vestros

13 2086 14 2119 ;
78 2044 212 2111 Szadova
235 2046 430 2124 discessisse,
453 2070 489 2113 ac
511 2048 665 2134 temporie
685 2049 768 2113 ratio
783 2047 931 2112 nonnihil
946 2048 1090 2133 priorum
1105 2048 1313 2113 consiliorum

77 2161 250 2212 nostrorum
285 2148 467 2225 mutaverit,
501 2148 625 2234 placuit
658 2162 768 2214 tamen
801 2148 1048 2236 propensionem
1082 2148 1114 2213 S.
1148 2148 1185 2213 R.
1214 2149 1311 2227 Mztia,

13 2240 14 2247 ἵ
78 2246 138 2311 dzni
158 2248 220 2313 mei
244 2248 496 2326 clementissimi,
520 2248 603 2313 nihil
626 2262 783 2314 mutatam
805 2249 845 2315 de
867 2271 951 2313 novo
973 2249 1144 2326 declarare,
1167 2263 1201 2313 et
1221 2249 1313 2337 igno·

79 2347 203 2426 ratione,
236 2349 294 2414 ubi
324 2348 534 2415 commissarii
561 2349 661 2415 vestri
682 2362 855 2428 morentur,
879 2349 987 2415 literas
1009 2363 1134 2414 nostras
1155 2349 1189 2413 in
1211 2363 1314 2415 castra

13 2536 14 2541 η
80 2447 300 2536 lllust[ritatis]
331 2464 445 2514 vestrae
477 2449 694 2515 transmittere
708 2451 744 2534 ¹),
777 2465 815 2515 ut·
840 2450 893 2515 vel
920 2450 992 2537 ipsa
1018 2452 1056 2514 ad
1079 2450 1314 2516 commissarios

13 2552 15 2631 ,
80 2570 131 2634 per
149 2574 220 2616 suos
243 2551 368 2616 deferre
391 2551 446 2615 rel
466 2550 642 2616 tubicinem
665 2562 811 2615 nostrum
833 2551 919 2616 istuc
942 2549 1100 2617 deducere
1118 2550 1244 2635 jubeat.

155 2652 310 2717 Praeterea
333 2650 558 2717 intellexeram
582 2652 726 2730 antehac,
750 2652 805 2717 sed
828 2674 901 2716 cum
925 2652 1036 2738 primia
1058 2675 1100 2716 ex
1119 2651 1223 2717 relatu
1240 2652 1314 2717 sub·

82 2749 291 2838 delegatorum
325 2763 515 2830 nostrorum,
543 2752 663 2818 Ill:tem
689 2766 828 2817 vestram
851 2751 944 2816 valde
967 2751 1050 2817 affici
1073 2752 1255 2817 calamitate
1278 2776 1314 2817 ac

83 2850 246 2918 miserabili
278 2853 470 2917 condicione
507 2853 708 2940 captivorum
739 2851 877 2938 ideoque
909 2875 975 2917 non
1008 2854 1126 2918 sentire
1160 2853 1314 2918 absonum

84 2974 150 3031 erse,
170 2968 207 3018 ut
229 2966 319 3018 certa
340 2953 423 3017 ratio
444 2954 647 3040 inposterum
669 2953 797 3018 ineatur
817 2953 1018 3018 liberationis
1041 2976 1159 3030 eorum,
1183 2954 1240 3039 qui
1261 2954 1315 3018 vel

83 3073 157 3118 nunc
178 3054 375 3131 detinentur,
399 3054 452 3118 vel
474 3078 516 3119 ex
538 3053 599 3119 hoc
621 3054 655 3118 in
678 3076 807 3119 manum
827 3054 980 3118 hostilem
995 3053 1136 3119 incidere
1152 3067 1314 3140 poterunt.

84 3150 189 3221 Dimisi
219 3156 324 3243 igitur
356 3154 498 3220 nobilem
531 3154 747 3220 Reinholdum
781 3152 983 3220 Grothauacn
1010 3169 1098 3219 certa
1123 3153 1315 3220 condicione

84 3253 228 3320 redeundi
260 3255 295 3319 iu
322 3256 555 3340 captivitatem,
583 3255 617 3319 ni
640 3254 796 3342 Vidigum
820 3255 908 3320 Mada
930 3255 1067 3320 liberum
1088 3254 1221 3332 faceret,
1244 3271 1314 3320 tum

84 3369 114 3418 ut
142 3355 179 3421 de
212 3369 401 3422 ceterorum
428 3357 678 3421 commutatione
707 3368 845 3421 mantem
871 3369 1013 3420 nostram
1036 3355 1224 3441 explicaret.
1268 3357 1317 3421 At

85 3454 230 3541 siquidem
263 3479 314 3522 res
341 3456 410 3521 hoec
437 3457 547 3544 magni
569 3457 724 3522 momenti
747 3469 797 3522 est
818 3455 1058 3542 multorumque
1082 3456 1218 3520 salutem
1241 3478 1317 3520 oon·

85 3558 184 3636 cernit,
207 3558 327 3622 vellem
350 3558 499 3643 equidem
523 3558 562 3623 ad
583 3557 703 3621 lllztem
718 3571 857 3622 vestram
872 3555 1036 3621 hominem
1052 3556 1180 3623 mittere
1196 3569 1316 3621 nost-ra·

85 3667 150 3731 tem,
181 3658 234 3722 cui
268 3658 410 3723 animum
443 3672 590 3723 nostrum
622 3657 757 3723 liberius
787 3657 992 3744 aperiremus,
1015 3657 1042 3721 si
1066 3658 1160 3723 modo
1182 3656 1216 3722 id
1239 3658 1317 3723 Illzti

86 3768 185 3821 restrre
207 3781 272 3823 non
293 3758 457 3845 ingratum
476 3759 732 3846 cognoverimus,
747 3758 882 3846 ipsaque
897 3757 1107 3845 subdelegato
1122 3781 1204 3835 meo,
1220 3780 1317 3845 quem

87 3875 148 3920 aum
168 3858 331 3937 missurus,
354 3859 394 3923 de
416 3859 505 3924 salvo
528 3858 578 3924 itu
599 3859 770 3945 redituque
792 3858 925 3924 caverit.
969 3858 1136 3923 Dabantur
1157 3858 1247 3945 Rigae
1264 3857 1317 3923 dia

89 3956 121 4018 16
141 3956 284 4024 Octobris
307 3963 404 4024 Anno
428 3960 519 4025 1625.

848 4061 986 4126 Axeliua
1009 4060 1232 4139 Oxenstierne,

1017 4169 1069 4215 etc.

582 4284 647 4334 Post
665 4283 809 4348 Scriptum.

162 4393 240 4461 Cum
271 4395 536 4462 Solderbachium
562 4396 726 4461 dimittere
754 4420 812 4484 pro
838 4395 943 4461 isthoc
970 4395 1078 4481 equite
1101 4395 1232 4483 Kitring
1254 4418 1319 4460 non

92 4490 127 4555 sit
154 4495 320 4584 integrum,
355 4497 532 4562 remittitur
557 4519 656 4584 eques
683 4519 756 4562 curn
779 4496 908 4584 captivo
930 4495 1093 4562 Lithuano
1116 4495 1249 4576 Dzuski,
1271 4510 1317 4575 ut,

92 4592 276 4611 *-

163 4631 183 4695 ¹)
199 4635 231 4686 So
248 4635 374 4700 tcljande
392 4636 462 4687 brat.
