3290 5360
337 425 399 489 700

295 592 446 669 civitatis,
476 605 573 677 atque
596 592 629 655 in
653 615 690 656 ea
712 614 745 655 re
768 591 866 656 etiam
890 589 1025 655 habeam
1048 590 1204 655 rationem
1229 591 1370 655 D:onum
1393 612 1545 653 vtrarum.

295 693 332 756 ln
356 692 457 757 altero
480 692 668 757 adferuntur
689 692 839 768 rationes,
862 691 902 755 ob
925 713 1005 777 quas
1026 690 1061 755 in
1083 690 1303 757 dimissionem
1324 691 1407 776 ejus,
1423 693 1464 756 de
1479 712 1546 777 qno

296 807 403 857 actum
425 793 509 857 inter
531 816 590 857 nos
612 815 718 857 coram
741 806 800 866 est,
823 792 975 857 adsentiri
997 807 1169 877 nequeant.

380 893 628 979 Respondissem
651 906 735 970 ante,
758 893 820 957 nisi
843 893 942 958 literae
963 892 1103 957 D:onum
1127 915 1263 956 vzrarum
1286 893 1411 958 diutius
1433 892 1469 956 in
1492 893 1545 956 iti·

294 1016 370 1058 nere
403 994 541 1058 detenta
573 1007 686 1081 quarto
720 994 849 1058 demum
883 994 936 1058 die
964 992 1044 1057 mihi
1066 992 1199 1058 redditae
1222 1009 1338 1072 essent,
1362 1008 1433 1058 tum
1458 994 1543 1080 quod

295 1095 474 1160 exercitum
508 1096 540 1158 in
575 1094 719 1180 hyberna
745 1095 927 1159 reducendo
953 1094 1078 1180 gratius
1101 1093 1261 1159 facturum
1286 1094 1443 1158 D:onibns
1468 1094 1545 1157 vzris

295 1219 345 1260 me
379 1209 535 1282 putarem,
563 1218 660 1282 quam
683 1195 710 1259 si
732 1194 838 1260 verbis
860 1193 1085 1259 tantummodo
1107 1188 1408 1270 communicassem,
1430 1195 1544 1258 reduc·

294 1310 391 1383 toque
429 1297 574 1360 exercitu
608 1295 689 1359 nihil
723 1318 740 1359 e
773 1318 863 1360 mora
894 1295 1090 1360 incommodi
1124 1309 1292 1381 acceptum
1325 1294 1366 1359 iri
1400 1294 1544 1359 animad-

294 1395 458 1461 verterim.

379 1499 432 1562 Ad
456 1496 678 1583 quaerimonias
701 1496 785 1582 quod
810 1496 935 1573 attinet,
955 1496 1039 1561 nihil
1060 1495 1165 1573 miror,
1182 1495 1210 1560 si
1226 1496 1444 1560 minutissima
1460 1520 1543 1582 quse·

294 1621 356 1684 qne
383 1597 568 1662 hominibus
591 1599 667 1675 oti0,
691 1621 755 1661 non
778 1597 863 1662 bello
886 1597 1036 1671 adsuetis,
1059 1597 1171 1685 gravia
1192 1597 1373 1662 videantur.
1421 1595 1544 1660 Dolent

294 1698 400 1762 forsan
433 1698 578 1784 quictem
607 1711 639 1762 et
665 1699 779 1775 otium,
802 1699 887 1784 quod
911 1697 1053 1762 oblatum
1076 1697 1139 1784 ipsi
1163 1697 1374 1785 superciliose
1396 1698 1544 1761 fastidie-

294 1814 377 1877 runt,
402 1798 463 1863 sibi
486 1798 658 1876 turbatum,
681 1822 787 1886 neque
810 1822 896 1863 nnnc
919 1800 1014 1863 rebus
1036 1799 1112 1875 suis,
1137 1813 1173 1862 nt
1193 1813 1266 1862 ante
1283 1799 1316 1862 in
1334 1821 1424 1884 pace,
1440 1797 1543 1862 libere

293 1900 357 1964 frui
391 1922 495 1986 posse.
550 1899 759 1964 insolentiam
793 1913 826 1964 et
858 1899 984 1986 rapinas
1009 1899 1132 1964 -militis
1159 1899 1258 1963 nostri
1286 1899 1453 1976 incusant3
1476 1922 1543 1985 quo

290 2001 364 2085 juro
383 2000 534 2086 judicent
556 2023 665 2064 omnes
688 2000 774 2079 boni,
797 2023 869 2063 cum
893 2000 1006 2084 majori
1029 1999 1229 2065 humanitate
1247 2001 1415 2065 adversum
1432 1999 1543 2063 hostes

295 2115 431 2179 utamur,
465 2124 560 2188 quam
594 2100 657 2185 ipsi
690 2101 724 2165 in
757 2124 790 2165 se
818 2116 942 2165 mutue.
992 2100 1117 2165 Bellum
1141 2101 1284 2187 gerimus
1306 2101 1542 2187 propemodum

294 2203 362 2267 sine
390 2201 475 2267 caede
504 2215 537 2266 et
563 2202 728 2287 sangnine,
751 2201 813 2264 nisi
836 2201 863 2265 si
886 2200 958 2287 quis
980 2201 1088 2265 forsan
1112 2201 1203 2264 miles
1226 2202 1259 2265 in
1284 2201 1351 2265 acie
1375 2200 1486 2279 cadat3
1509 2215 1544 2263 et

294 2303 371 2367 licet
393 2303 426 2366 in
450 2302 576 2366 hostico
598 2303 709 2373 simus,
732 2302 834 2386 magis
857 2302 951 2366 tectis
973 2300 1112 2365 hostium
1136 2299 1346 2387 n[ost]rornm
1368 2301 1541 2387 parcimus,

294 2426 389 2490 quam
422 2402 485 2489 ipsi
518 2403 568 2478 iis,
602 2425 672 2487 quae
706 2415 823 2488 putant
856 2424 921 2466 sua.
970 2402 1101 2466 Etenim
1124 2401 1175 2465 his
1196 2401 1275 2487 ipsis
1297 2401 1411 2466 diebus
1434 2403 1542 2488 praesi·

295 2504 388 2567 diarii
423 2504 591 2568 Mevenses
624 2502 734 2567 furtim
769 2502 950 2588 irrupentes
983 2504 1017 2567 in
1049 2502 1245 2566 territorium
1279 2503 1449 2567 Stnmcnse
1483 2525 1543 2566 suo

294 2604 444 2690 exemplo
477 2626 534 2667 nos
568 2603 717 2681 docuere,
751 2603 913 2690 quomodo
939 2602 1149 2689 imposterum
1178 2601 1270 2667 nobis
1293 2602 1434 2667 hostium
1458 2603 1541 2667 redes

294 2705 477 2769 tractandae.
532 2705 675 2790 Ideoque
708 2704 734 2768 si
768 2727 878 2768 eorum
912 2703 1047 2768 consilia
1078 2704 1172 2769 factis
1200 2726 1397 2789 expressero,
1421 2716 1455 2768 et
1477 2727 1542 2791 quo

294 2804 401 2869 studio
429 2805 521 2870 nobis
547 2804 685 2869 nocendi
713 2807 868 2881 feruntur,
892 2804 1003 2869 codem
1027 2804 1123 2869 etiam
1147 2827 1198 2869 me
1220 2804 1347 2890 impelli
1370 2804 1539 2869 adversum

294 2904 402 2970 hostes
436 2927 547 2992 passus
572 2906 675 2982 fuero,
698 2928 794 2971 nemo
816 2907 848 2971 id
872 2904 953 2969 mihi
974 2905 1174 2970 exercitnive
1196 2907 1288 2993 regio
1311 2905 1392 2970 vitio
1415 2919 1541 2970 vertere

293 3006 422 3093 poterit.

386 3106 517 3170 Summa
544 3129 620 3171 vero
646 3130 704 3171 noa
728 3106 873 3171 afficiunt
894 3106 1021 3191 injuria,
1044 3108 1098 3194 qui
1122 3130 1179 3171 sua
1202 3108 1345 3194 obrepta,
1369 3120 1539 3193 postquam

293 3208 431 3294 pecnnia
469 3206 722 3293 redemptionem
761 3208 917 3270 bonarum
951 3207 1167 3293 praestiterint,
1201 3223 1451 3294 conqueruntur.
1504 3206 1539 3269 Id

292 3321 399 3372 antem
433 3331 473 3372 ne
507 3307 607 3381 fieret,
642 3307 876 3372 studiosissime
908 3308 1132 3392 praeoavimus3
1166 3332 1202 3373 ae
1230 3309 1307 3373 licet
1330 3306 1481 3372 militaris
1504 3307 1540 3370 li·

292 3409 408 3486 centia,
432 3408 522 3472 nulla
544 3430 683 3495 unquam
707 3406 878 3494 disciplina
902 3407 1089 3482 coercenda,
1112 3425 1226 3496 praeter
1248 3409 1452 3475 voluntatem
1476 3431 1538 3472 non

293 3532 396 3573 meam
430 3522 566 3585 tantum,
600 3510 654 3572 sed
690 3524 724 3573 et
750 3522 926 3573 ceterorum
955 3509 1142 3574 officialium
1166 3510 1366 3587 exorbitarit,
1391 3509 1539 3574 dedimus

292 3623 399 3673 tamen
429 3632 569 3694 opernm,
593 3632 632 3674 ne
654 3608 713 3672 illa
736 3623 879 3674 maneret
900 3609 1070 3696 impunita,
1095 3626 1193 3698 utque
1216 3612 1265 3687 iis,
1288 3611 1406 3697 quibus
1428 3622 1540 3673 contra

292 3709 418 3773 salvum
440 3709 636 3774 conductum
660 3733 766 3774 meum
790 3732 848 3773 sua
871 3710 977 3774 ablata
998 3727 1099 3785 erant,
1114 3712 1367 3776 restituerentur.
1402 3709 1447 3774 Hi
1463 3733 1539 3775 vero

291 3809 413 3896 oppido
446 3811 540 3894 pauci
574 3825 658 3887 sunt,
692 3830 729 3874 ao
762 3812 871 3875 nescio
904 3835 943 3875 an
977 3834 1061 3876 unus
1089 3813 1218 3888 alterve,
1246 3835 1319 3876 eum
1347 3813 1461 3888 ceteri,
1483 3812 1538 3897 qui

291 3924 403 3974 contra
434 3911 541 3974 datam
575 3911 672 3975 fidem
704 3934 819 3997 parum
852 3912 976 3977 nihilve
1010 3913 1234 3998 praestiterunt,
1269 3936 1305 3977 ac
1334 3911 1538 3976 humanitate

291 4026 399 4076 nostra
426 4010 515 4075 abusi
539 4026 624 4089 sunt,
647 4012 850 4097 reperiantur
871 4036 966 4099 quam
991 4014 1135 4099 plurimi3
1158 4013 1192 4076 in
1216 4036 1305 4099 quos,
1328 4012 1391 4077 nisi
1414 4012 1538 4076 satisfe-

291 4113 402 4189 cerint,
426 4112 605 4176 necessario
628 4112 708 4176 mihi
732 4114 820 4177 brevi
844 4114 1164 4178 animadvertendum
1187 4115 1257 4179 erit.

377 4213 412 4276 ld
447 4213 576 4299 quidem
609 4213 690 4278 mihi
723 4215 978 4302 ingratissimum
1006 4230 1098 4291 esset,
1126 4216 1154 4280 si
1180 4239 1222 4280 ex
1244 4216 1330 4279 hisce
1354 4214 1539 4280 actionibus

291 4313 408 4377 nostris
441 4312 563 4399 aliquid
597 4314 663 4377 odii
697 4315 731 4378 in
762 4314 1035 4403 D[ominati0]ncs
1063 4315 1212 4404 v[est]ras
1234 4315 1439 4391 redundaret,
1464 4338 1536 4379 cum

290 4414 371 4499 ipsis
406 4437 462 4500 pro
496 4415 603 4478 studio
637 4415 726 4501 pacis
753 4438 809 4479 suo
833 4415 914 4479 nihil
937 4417 1034 4482 sciam
1058 4441 1127 4483 esse
1150 4416 1325 4493 molestius,
1348 4440 1448 4503 quam
1470 4416 1537 4481 hac

292 4512 412 4592 audire,
440 4515 542 4579 multo
571 4516 672 4601 magis
699 4538 805 4580 coram
828 4516 986 4601 aspicere;
1014 4541 1049 4582 ac
1072 4542 1129 4604 pro
1153 4534 1239 4583 certo
1262 4517 1394 4582 credant
1418 4518 1537 4583 D:ones

291 4636 375 4690 vna,
398 4614 459 4678 nisi
483 4614 581 4679 vestri
604 4616 686 4679 ratio
709 4615 818 4680 habita
839 4617 966 4691 fuisset,
990 4641 1025 4683 ae
1041 4618 1165 4683 Civitas
1181 4619 1418 4685 Gedanonsium
1435 4619 1537 4684 videri
