3264 5354
73 745 118 797 ts.
160 742 232 797 'l'ill
255 741 442 809 sigmundt
462 755 529 797 von
551 740 695 798 thnen.
776 741 982 798 Stoekholm
1004 742 1038 798 d.
1062 744 1082 797 θ
1104 739 1205 809 April
1226 742 1317 796 leno.

74 956 116 1006 01n
138 962 251 1006 senaste
271 956 337 1006 bret
355 958 400 1005 till
420 957 471 1006 och
489 954 550 1005 trau
569 957 678 1005 honom.
714 956 809 1019 Spens’
827 957 877 1005 och
897 957 1001 1006 Belllns
1020 955 1201 1018 mottagands
1221 958 1230 1005 1
1248 956 1317 1018 Eng-

147 1041 224 1099 land,
245 1041 519 1103 Euerg-kougrasseus
537 1041 687 1102 utlysands
705 1040 757 1090 och
776 1040 899 1103 Sueriges
918 1040 1050 1104 stallntng
1068 1040 1178 1089 aaran.
1214 1039 1317 1089 Under·

149 1127 285 1175 rittelsen
312 1139 356 1175 orn
384 1124 497 1186 konung
524 1124 679 1174 Christiane
707 1125 883 1188 benagenhet
909 1130 952 1174 att
979 1125 1118 1188 upptrada
1135 1125 1144 1172 i
1164 1125 1315 1187 Tyskland,

148 1209 325 1270 bratrnxling
351 1208 448 1258 haram
474 1209 577 1258 mellan
604 1209 743 1258 Danmark
770 1210 823 1258 och
849 1209 973 1271 Svertgsz
1005 1210 1050 1258 for
1077 1213 1120 1257 att
1147 1208 1249 1259 danskt
1276 1208 1316 1256 in·

149 1293 284 1356 gripanda
312 1306 492 1355 gynnssmms
514 1293 762 1354 idrutatttningan
786 1292 886 1340 Gustaf
908 1292 1007 1342 Adolis
1031 1292 1159 1356 villlghet
1177 1292 1255 1342 aurel
1274 1298 1317 1341 att

150 1377 229 1426 trena
248 1377 370 1425 tillbaka
388 1390 445 1425 som
465 1381 515 1437 att,
534 1391 577 1425 orn
597 1377 751 1426 Christiana
768 1379 867 1439 planet
883 1374 907 1438 ej
922 1390 1010 1425 vunus
1025 1376 1147 1439 anklang
1159 1376 1227 1425 aller
1239 1377 1316 1424 mles·

150 1460 291 1523 lyckades,
318 1462 386 1521 adra
408 1463 457 1509 sltt
481 1461 569 1509 basta.
605 1461 695 1522 Begar
711 1460 929 1509 anderrattelser
947 1474 990 1508 om
1009 1460 1044 1510 de
1062 1460 1142 1523 tyske
1160 1460 1316 1509 turstarnes

150 1546 292 1606 stellntng.
303 1543 348 1593 till
366 1543 466 1602 salam
485 1545 574 1594 lotvar
591 1544 777 1608 fortegenhet,
796 1557 858 1592 men
875 1543 994 1601 belarar,
1014 1548 1057 1593 att
1074 1545 1210 1607 plansrna
1228 1543 1318 1593 skulls

150 1628 224 1691 roias
242 1628 252 1675 i
271 1629 402 1677 utlaudet
419 1628 554 1678 strskildt
572 1642 670 1691 genam
689 1628 822 1691 England.

397 1757 567 1843 Magnifice
590 1780 626 1821 ac
649 1758 810 1822 Generose
834 1757 981 1821 Domine.

151 1875 234 1939 Dedi
259 1875 298 1939 ad
322 1888 354 1939 te
377 1875 502 1961 aliquot
525 1875 659 1940 antehac
681 1876 799 1952 literas,
816 1874 995 1959 etquidem
1012 1889 1186 1959 postremas
1203 1874 1315 1939 Stock·

78 1974 186 2039 bolmia
218 1975 272 2041 die
308 1976 348 2039 15
382 1976 490 2040 Martii
503 1977 544 2058 ¹);
578 1999 671 2062 spero
705 1999 816 2040 omnes
847 1991 932 2040 recte
958 1974 1098 2040 redditas
1121 1999 1199 2041 esse.
1244 1974 1314 2039 Illis

78 2077 246 2164 perscripsi,
281 2099 346 2161 quo
379 2077 414 2139 in
448 2089 533 2140 statu
567 2099 616 2141 res
648 2090 763 2141 nostrae
796 2099 869 2140 cum
902 2075 1025 2139 Polono
1059 2091 1092 2140 et
1121 2100 1194 2140 cum
1221 2077 1314 2140 Dauo

79 2191 276 2249 versarentur.
312 2190 380 2241 tum
412 2177 489 2262 quid
512 2177 638 2264 legatus
661 2176 803 2242 Gallicus
826 2177 977 2241 dominus
1000 2176 1187 2242 Ludovicus
1211 2178 1260 2241 De
1283 2176 1315 2240 la

79 2277 175 2363 llayes
209 2277 295 2364 apud
329 2302 387 2341 nos
415 2279 527 2365 egerit,
555 2277 685 2365 etquid
711 2279 781 2342 Rex
804 2301 894 2342 meus
917 2278 957 2341 de
980 2278 1184 2342 restitutione
1207 2301 1314 2342 rerum

79 2401 127 2464 per
156 2379 360 2443 Germaniam
394 2380 541 2457 sentiret3
575 2379 685 2464 itaque
719 2379 793 2455 illis,
827 2378 912 2464 quod
941 2379 1066 2454 addam,
1095 2402 1179 2442 nune
1201 2402 1312 2465 parum

80 2481 215 2543 occurrit.
270 2479 400 2543 Interea
427 2481 538 2566 paucis
567 2479 683 2544 abhinc
707 2480 820 2543 diebus
843 2479 1028 2543 tabellarius
1051 2493 1158 2544 vester
1180 2503 1255 2544 curn
1277 2479 1314 2543 li·

79 2581 145 2643 teris
177 2582 240 2644 tuis
275 2579 414 2657 advolat,
447 2580 637 2667 gratissimis
668 2603 730 2643 non
759 2577 838 2642 mihi
862 2579 968 2657 modo,
992 2580 1048 2643 sed
1072 2595 1105 2644 et
1128 2581 1209 2667 Regi
1232 2604 1313 2655 mec,

80 2682 154 2767 quod
187 2681 288 2745 multa
321 2681 523 2746 continerent
556 2681 665 2766 magni
699 2681 853 2745 momenti
888 2704 924 2744 ac
958 2680 1042 2745 scitu
1074 2680 1314 2767 dignissima2).

80 2781 280 2868 Respondebo
314 2781 464 2859 breviter,
492 2794 527 2845 ut
549 2782 755 2845 consiliorum
779 2782 933 2845 rationem
959 2783 1044 2868 apud
1068 2805 1126 2845 nos
1149 2782 1315 2868 intelliges

81 2896 109 2945 et
127 2883 266 2968 Principi
291 2898 348 2946 tuo
372 2883 501 2946 referas.

154 2984 183 3047 S.
217 2986 254 3048 R.
289 2983 384 3047 Musa
412 2985 560 3048 dominus
588 3007 677 3048 meus
706 2995 752 3059 ut,
776 2983 988 3069 quantumin
1012 2984 1316 3069 ipsoest,urgeret

81 3086 236 3169 negocium
260 3085 367 3148 isthoc
390 3085 528 3149 salutare
550 3085 756 3148 restituendae
777 3085 824 3149 rei
848 3085 1054 3159 Germanicae,
1078 3107 1173 3147 suurn
1190 3083 1315 3169 ablega·

81 3185 121 3248 vit
139 3186 171 3248 in
193 3186 360 3272 Angliam‚
384 3185 440 3271 qui
463 3185 667 3249 condiciones
689 3186 813 3249 faederis
837 3185 967 3249 domino
991 3184 1133 3248 Bellinio
1155 3184 1208 3249 hic
1230 3207 1314 3249 eom-

82 3288 246 3351 municatas
278 3285 377 3350 isthic
411 3286 600 3362 insinuaret,
634 3298 667 3349 et
699 3286 727 3349 si
761 3298 906 3372 acceptas
941 3286 1024 3372 Regi
1054 3285 1226 3349 Britanniae
1250 3285 1315 3349 ani-

81 3387 295 3463 madverteret,
329 3386 421 3450 illum
456 3387 635 3451 hortaretur
670 3388 707 3449 ad
736 3410 845 3450 curam
872 3386 1052 3449 communis
1075 3387 1121 3450 rei
1144 3387 1227 3451 serio
1251 3409 1314 3449 arn·

82 3486 281 3571 plectendam.
327 3488 509 3574 Ablegatus
532 3488 631 3575 Regis
654 3487 717 3551 mei
740 3487 834 3567 bone,
858 3488 904 3550 uti
929 3510 1079 3574 auguror,
1102 3487 1171 3551 fato
1189 3487 1315 3574 appulit

82 3587 180 3653 eodem
213 3603 359 3675 tempore
393 3590 426 3652 in
460 3589 621 3676 Belgium,
654 3611 728 3653 cum
761 3587 829 3652 illic
862 3601 945 3651 esset
974 3588 1123 3652 dominus
1146 3588 1314 3666 Bellinius,

14 3708 15 3721 ¹
82 3687 193 3774 legatus
220 3689 382 3775 Principis
405 3691 469 3769 tui;
496 3690 632 3775 ideoque
657 3702 783 3775 arrepto
807 3689 904 3752 simul
926 3689 1042 3753 itinere
1065 3689 1258 3777 navigarunt
1280 3689 1314 3753 in

83 3790 233 3878 Angliam
263 3791 452 3878 junctisque
486 3789 628 3853 consiliis
656 3790 829 3877 negocium
856 3789 960 3854 isthoc
985 3791 1023 3853 ad
1049 3789 1168 3876 Regem
1192 3791 1315 3854 detule-

82 3904 154 3967 runt,
175 3892 231 3979 qui
255 3915 318 3955 non
342 3905 391 3956 est
413 3891 500 3955 visus
524 3891 657 3967 alienus,
681 3904 718 3954 ut
739 3890 802 3955 hue
825 3890 985 3969 scribitur,
1001 3891 1039 3954 ab
1056 3890 1144 3953 hisce
1160 3891 1314 3965 consiliis,

82 3988 251 4078 indixitque
274 4006 469 4057 conventum
492 3992 673 4079 legatorum
695 3991 797 4077 Hagae
821 3990 957 4055 Comitis
979 3991 1032 4054 die
1057 3993 1088 4074 33-
1107 3991 1241 4076 Aprilis,
1257 3991 1314 4053 ubi

83 4089 155 4155 inter
188 4092 354 4156 faederatos
393 4092 434 4157 de
467 4093 640 4179 propositis
673 4091 918 4157 condicionibus
950 4091 1076 4156 faederis
1110 4104 1314 4154 statueretur.

85 4190 211 4258 Additur
237 4206 270 4257 et
298 4193 359 4256 hoc
387 4216 451 4256 non
474 4192 677 4279 displicuisse
701 4192 783 4280 Regi
806 4192 991 4267 Britanniae,
1014 4192 1095 4278 Regi
1119 4214 1190 4255 meo
1212 4192 1313 4256 totius

86 4294 287 4378 expeditionis
315 4293 526 4358 directionem
553 4294 744 4358 concredere
767 4316 803 4357 ao
824 4294 952 4357 tertiam
975 4315 1108 4356 oncrum
1132 4306 1255 4379 partem
1279 4292 1313 4355 in

85 4426 268 4441 Q

156 4495 174 4557 ¹)
191 4500 224 4549 Se
242 4501 329 4550 efran
346 4500 398 4551 aid.
417 4502 457 4547 49.

154 4578 270 4639 'istm
291 4583 415 4645 troligen
433 4598 457 4631 v.
476 4583 594 4633 thaens
612 4581 676 4632 bref
695 4582 723 4631 al
742 4583 767 4631 d.
787 4587 801 4631 t
821 4583 910 4643 reba,
928 4597 985 4632 som
1004 4583 1093 4631 finnes
1111 4584 1121 4630 1
1139 4582 1316 4633 Oxenstieru·

84 4663 125 4713 sta
140 4669 298 4732 samllngen.
