3290 5360
1262 431 1323 495 707

116 597 312 682 Majeatatis,
335 597 460 663 domini
482 596 547 662 mei
569 596 822 673 clementissimi,
846 619 883 661 ao
905 595 1039 661 classem
1056 596 1252 673 polonicam,
1267 598 1367 684 inque

117 721 160 762 ea
193 697 359 785 magnifici
392 697 552 784 quondam
586 710 620 763 et
652 699 802 785 generosi
835 698 906 773 riri,
945 696 1068 762 domini
1100 697 1229 762 Nioolai
1262 698 1367 763 Stern-

117 797 263 875 scbildii,
297 799 353 885 qui
386 799 457 863 rice
491 797 661 863 ammiralii
694 798 899 886 fungebstur,
932 799 1061 863 fortiter
1093 799 1268 885 pugnando
1297 799 1368 863 caesi

118 921 240 985 corpus
274 922 347 963 cum
374 900 505 964 navium
532 896 631 964 altera
653 900 687 963 in
710 922 823 963 manua
846 899 1041 963 Polonorum
1064 900 1199 977 venisse,
1222 913 1256 964 et
1273 902 1368 985 jussu

120 999 390 1065 Dominationum
413 1013 592 1064 vestrarum
614 1012 789 1087 exceptum
812 1000 982 1065 adservari.

209 1099 318 1164 Primo
351 1100 502 1187 equidem
535 1101 686 1165 variantis
718 1100 856 1164 fortunae
888 1123 948 1165 nec
974 1100 1036 1165 sibi
1063 1114 1220 1187 perpetuo
1241 1123 1371 1189 respon·

120 1200 234 1265 dentis
266 1201 454 1287 exemplum
486 1224 550 1265 non
576 1201 700 1266 invitus
728 1221 883 1289 agnosc03
910 1224 985 1266 com
1007 1224 1084 1266 vero
1107 1202 1147 1267 de
1170 1201 1371 1266 humanitate

121 1301 392 1366 Dominationum
426 1316 603 1367 vestrarum
635 1303 668 1366 id
698 1301 778 1366 mihi
806 1303 1002 1389 promittam,
1024 1326 1088 1367 nou
1111 1303 1277 1368 saevituras
1299 1302 1373 1366 illos

121 1401 160 1465 in
188 1402 336 1466 defuncti
362 1403 508 1481 cadaver,
530 1426 590 1466 nec
613 1402 758 1468 invidere
781 1402 874 1467 famae
895 1403 989 1467 istius
1011 1403 1082 1480 viri,
1106 1427 1170 1490 quo
1193 1404 1300 1467 minua
1322 1403 1373 1467 illi

119 1503 212 1588 juste
246 1526 263 1565 a
297 1503 387 1566 nobis
421 1503 509 1581 fiant,
544 1504 630 1567 hisce
657 1526 769 1590 rogare
797 1503 1042 1568 Dominationes
1068 1517 1191 1569 vestras
1212 1506 1312 1580 volui,
1335 1519 1373 1568 ut

124 1602 223 1667 nobis
255 1603 335 1668 dicti
367 1603 491 1669 domini
518 1603 743 1669 Sternschildii
770 1627 895 1691 corpus,
922 1604 1013 1668 nullo
1036 1605 1115 1691 ipsis
1138 1606 1276 1691 amplius
1300 1604 1373 1669 usui

123 1705 285 1781 futurum,
321 1728 357 1768 ac
390 1705 417 1769 si
451 1705 588 1770 aliorum
620 1705 805 1769 officialium
840 1705 982 1770 animose
1016 1729 1073 1793 pro
1099 1707 1188 1792 Rege
1211 1729 1247 1770 ac
1271 1706 1375 1792 patria

123 1806 347 1891 pugnantium
374 1804 516 1892 reliquiae
537 1805 707 1892 supersint,
730 1805 861 1871 reddere
883 1829 948 1870 non
970 1821 1157 1892 graventur,
1180 1808 1213 1869 in
1236 1806 1375 1892 captivis

126 1928 208 1968 vero
230 1905 313 1969 laesis
334 1905 443 1970 forsan
467 1906 655 1993 mutilieque
678 1907 828 1971 curandis
850 1907 1084 1993 benignitatem
1101 1930 1261 1984 exercere,
1278 1918 1374 1992 atque

126 2007 305 2070 eorundem
340 2006 563 2073 liberationem
593 2007 690 2091 justis
723 2008 889 2094 auctisque
924 2008 1026 2071 modis
1058 2030 1229 2093 procurare
1264 2008 1375 2070 velint.

126 2106 203 2192 Ego
236 2107 390 2192 prael'ecto
413 2106 563 2172 detenai
586 2109 725 2194 injunxi,
749 2121 786 2172 ut
807 2131 891 2195 saepe
914 2109 1017 2173 dictas
1039 2132 1191 2173 caescrum
1214 2108 1376 2194 reliquias,

128 2208 158 2270 si
194 2207 478 2271 Dominationibus
511 2208 624 2272 vestris
658 2210 790 2273 reddere
819 2209 986 2295 placuerit,
1009 2224 1164 2296 receptas,
1187 2210 1226 2273 od
1249 2231 1307 2272 noa
1330 2232 1377 2272 re·

130 2308 306 2395 portandas
329 2323 434 2385 curet;
457 2308 555 2396 idque
577 2308 787 2374 humanitatis
810 2326 845 2374 et
866 2310 974 2384 officii,
998 2310 1084 2395 quod
1107 2310 1168 2374 hoc
1189 2332 1265 2373 casu
1286 2309 1377 2373 nobis

129 2409 312 2495 praestitum
346 2409 454 2484 fuerit,
489 2410 618 2496 paribus
646 2411 761 2475 studiis
789 2412 938 2476 adversus
960 2424 1125 2487 vestrates,
1148 2410 1264 2474 oblatis
1287 2433 1378 2474 occa·

130 2509 291 2585 sionibus,
324 2510 615 2596 compensabimus.
671 2511 768 2576 Hisce
800 2535 856 2575 vos
888 2511 999 2575 divino
1026 2511 1152 2575 numini
1175 2510 1378 2576 commenda·

130 2632 217 2673 mus.
260 2609 428 2674 Dabantur
449 2610 598 2698 Elbingae
621 2611 673 2677 die
697 2614 736 2675 26
760 2612 951 2677 Novembris
973 2614 1070 2676 Anno
1094 2613 1185 2676 1627.

130 2732 249 2781 Axeltns
267 2731 459 2795 Oxenatlerna,
476 2733 562 2796 Regni
581 2735 685 2783 Suecloe
704 2734 820 2783 Senator
836 2739 866 2782 et
884 2734 1080 2794 Cancellariua,
1098 2738 1147 2782 cto.

994 2831 1133 2896 Axelius

996 2931 1210 2997 Oxenetierna
1231 2953 1296 3017 mp.

226 3067 399 3130 Utanrkrs'st:
429 3068 589 3119 ›Nobilibus
615 3075 699 3132 atque
723 3070 906 3133 Amplissimis
929 3070 1053 3120 commu
1071 3070 1297 3131 Praeconsnllbns,
1316 3070 1384 3119 Con·

133 3151 242 3203 snltbos
260 3157 289 3201 et
308 3152 423 3202 Senatui
441 3153 569 3204 Clrltatls
588 3154 781 3203 dedecorata.»

224 3251 348 3315 Orlglnal
376 3254 437 3303 med
463 3255 539 3315 algill
560 3256 569 3303 l
589 3254 709 3316 Danatgs
728 3255 898 3304 Stsdsarklr.
937 3256 1016 3304 Blott
1033 3256 1095 3305 deas
1114 3254 1287 3304 underskrift
1304 3269 1384 3317 agen·

135 3337 252 3398 hendrg.
281 3338 474 3402 ltganhondigt
492 3339 614 3401 koncspt
631 3341 641 3388 1
658 3339 842 3398 Rikssrktret,
862 3339 1250 3400 Oxenatiernakasamlingen.
1281 3339 1384 3402 Tryckt

135 3422 147 3470 l
174 3419 265 3471 Israel
287 3421 394 3488 Hoppos
413 3421 570 3472 Geaebiobte
589 3422 743 3472 decernere
762 3422 1101 3472 Sotrcedtscb·Polatsclan
1118 3423 1238 3487 Krieqer,
1256 3423 1307 3473 aid.
1327 3425 1384 3472 ⁶98.

137 3778 221 3834 480.
266 3777 334 3833 'rin
355 3777 678 3836 Generolstaternas
699 3777 889 3835 studebud.
933 3779 1060 3847 Elbing
1080 3778 1114 3834 d.
1134 3779 1176 3833 26
1196 3778 1278 3834 Hor.
1298 3777 1386 3833 lost.

140 3959 288 4022 Begagner
314 3958 443 4009 tillltllet
470 3960 498 4009 ai
523 3965 565 4008 ett
592 3960 649 4008 bud
676 3960 720 4009 till
743 3961 847 4024 Danrlg
868 3960 877 4008 t
896 3959 969 4023 solid
988 3961 1018 4009 at
1036 3958 1253 4009 Stlernachidlds
1271 3958 1326 4007 dod
1344 3962 1389 4006 att

227 4043 311 4091 tacka
329 4044 391 4092 dem
410 4044 453 4092 for
471 4044 552 4093 derna
570 4050 681 4094 sensate
699 4043 845 4094 skrilvelrs
863 4045 926 4093 med
944 4044 1146 4094 undetrittelsc
1165 4058 1208 4093 om
1222 4043 1389 4092 Holltndar·

228 4141 277 4176 ues
304 4126 427 4190 ajbseger
448 4129 526 4177 btrer
548 4143 583 4177 en
606 4129 685 4178 flotta
703 4129 763 4176 tren
784 4128 972 4187 Ditnlrirchen,
990 4127 1089 4176 brarbt
1106 4130 1136 4176 A.
1156 4125 1187 4174 Ο.
1206 4127 1314 4188 ςΙᾶᾱεε;
1337 4126 1388 4175 ber

228 4210 290 4259 dem
308 4225 352 4260 om
370 4216 498 4261 nfirmare
511 4212 714 4261 meddelandsn
726 4226 769 4261 om
782 4211 933 4275 sidatrlden
945 4211 1058 4260 ntantdr
1069 4211 1182 4273 Dennlg,
1196 4210 1272 4259 hvsri
1283 4210 1389 4258 Stlern·
1446 4208 1450 4213 '

229 4295 337 4345 achibld
355 4301 459 4359 stupet,
477 4310 519 4345 om
540 4298 646 4345 antclet
664 4297 725 4345 derl
744 4297 911 4357 deltagonde
930 4294 1048 4344 avenska
1065 4294 1152 4357 skepp
1171 4309 1204 4342 m.
1223 4310 1256 4343 m.

525 4424 689 4512 Magnifici
712 4438 745 4489 et
767 4424 902 4488 Nobiles
926 4424 1010 4488 Dzni.

230 4525 366 4590 Nullum
402 4526 532 4614 quidem
568 4550 653 4591 nunc
691 4524 829 4590 occurrit
866 4523 1024 4589 scribendi
1062 4536 1295 4610 argumentum,
1334 4538 1390 4587 out

143 4631 282 4718 dignum
323 4628 400 4713 quid
438 4628 541 4694 relatu
579 4628 665 4715 quod
704 4625 954 4705 communicem3
994 4638 1026 4689 at
1063 4647 1135 4688 cum
1174 4647 1319 4710 pugnam
1356 4623 1389 4687 iu
