3314 5362
1217 453 1278 518 109

27 580 28 631 l

154 618 332 683 Securitati
369 618 499 705 quidem
537 619 649 682 D:onis
685 633 799 683 vestrae
837 642 873 683 ac
910 619 1118 706 collegarum,
1154 618 1210 707 qui
1244 620 1320 684 huic

78 721 210 809 negocio
237 719 489 806 deputabuntur,
516 741 708 806 quocunque
729 732 874 807 ternpore
896 720 1074 798 cavebitur,
1097 720 1153 785 ubi
1174 721 1214 786 de
1236 721 1324 807 ipso·

78 845 140 905 rum
164 821 299 885 nomine
322 842 359 885 ac
381 821 523 885 adventu
545 820 736 886 constiterit,
781 824 828 884 At
849 833 886 884 ut
908 821 938 884 S
962 821 999 885 R.
1017 821 1059 885 Μ
1053 834 1139 899 aem,
1154 821 1320 886 dominum

27 916 29 1037 l
79 937 230 999 nostrum,
263 943 350 984 nunc
378 921 418 986 ab
444 921 540 985 armis
562 921 761 985 retrahamus
783 935 953 1008 tantosque
976 935 1123 1008 sumptus
1145 944 1219 986 curn
1241 934 1321 987 tem·

27 1046 149 1109 pore
171 1023 281 1109 perire
304 1022 535 1099 suadeamus,
526 1021 641 1086 lncerti
664 1021 884 1098 nihilominus,
900 1045 971 1109 quae
986 1036 1183 1088 tractatuum
1198 1035 1321 1087 nostro·

27 1156 28 1167 κ
79 1148 144 1188 rum
175 1123 267 1187 tel
257 1123 353 1187 rnitia
379 1122 432 1187 vel
458 1134 593 1187 eventus
616 1123 682 1187 sint
702 1122 816 1198 futuri,
838 1122 882 1199 id,
906 1146 964 1208 per
985 1146 1019 1187 se
1041 1123 1190 1211 iniquum
1212 1123 1320 1188 rebus·

27 1282 28 1295 ,
79 1249 135 1311 que
167 1224 289 1288 nostris
317 1223 414 1287 nimis
440 1223 585 1299 noxium,
607 1246 648 1287 ne
671 1224 800 1310 quidem
824 1247 843 1287 a
864 1224 955 1288 vobis
976 1223 1057 1310 ipsis
1079 1224 1204 1310 probari
1228 1236 1320 1310 puta·

27 1338 28 1349 ¹
81 1349 154 1389 mus.
211 1328 315 1389 Arma
345 1324 432 1388 enim
466 1322 496 1387 S.
525 1324 561 1388 R.
591 1323 684 1388 Musa
709 1324 744 1388 in
768 1346 879 1387 munus
902 1326 1038 1411 accepit,
1061 1348 1126 1389 non
1149 1347 1207 1389 suo
1230 1339 1320 1389 motu

81 1440 265 1512 spontaneo,
298 1424 353 1489 sed
384 1425 467 1488 vitio
495 1438 674 1490 vestrorum
697 1423 872 1501 hominum,
896 1425 951 1510 qui
974 1439 1066 1489 tanto
1089 1448 1245 1489 annorum
1267 1426 1321 1490 de·

27 1592 29 1621 ,
80 1550 168 1591 cursu
202 1525 366 1613 totiesque
399 1524 537 1610 repetita
566 1525 643 1589 belli
670 1525 846 1590 cessatione
868 1525 974 1589 verbis
998 1549 1118 1612 pacem,
1142 1549 1176 1590 re
1198 1524 1319 1590 bellum

27 1632 28 1707 ζ
81 1640 289 1704 ostentarunt,
323 1649 429 1712 neque
458 1626 580 1709 justam
614 1627 836 1712 sinceramque
871 1626 1045 1690 amicitiam
1078 1626 1229 1713 amplecti
1266 1639 1322 1691 aut

27 1768 28 1771 =
82 1728 223 1816 legitimo
251 1728 348 1792 modo
375 1727 414 1792 ad
437 1727 571 1791 eandem
593 1727 744 1814 progredi
765 1750 905 1813 unquam
927 1726 1110 1792 voluerunt.
1156 1727 1232 1791 Haec
1255 1742 1320 1791 tarn

27 1892 28 1899 ,
79 1830 162 1913 justa
191 1851 289 1906 arma,
317 1852 387 1915 quae
409 1827 439 1892 S.
464 1828 501 1891 R.
524 1828 606 1903 Mai,
630 1829 760 1892 domino
783 1850 864 1905 meo,
888 1850 946 1891 sua
968 1827 1122 1914 regnique
1145 1828 1196 1892 sui
1218 1829 1322 1914 digni·

83 1946 135 2006 tas,
167 1930 264 2005 suma,
293 1929 502 2005 existimatiO,
525 1929 595 2014 ipsa
616 1928 756 2015 denique
778 1951 903 1992 summa
924 1929 1099 1992 necessitas
1121 1944 1153 1993 et
1175 1928 1321 1994 defensio

83 2031 273 2108 obtulerunt,
308 2052 373 2093 non
405 2030 527 2115 poterit
553 2051 639 2093 nunc
667 2052 831 2116 seponere,
855 2028 917 2092 nisi
939 2051 973 2092 re
995 2030 1065 2116 ipsa
1088 2053 1123 2093 ao
1146 2053 1225 2116 pace
1247 2053 1322 2094 con·

27 2216 28 2219 ¹
83 2131 199 2209 stituta,
232 2132 274 2196 de
309 2153 375 2216 qus
401 2153 495 2217 agere
517 2130 621 2215 parati
643 2152 753 2194 sumus
776 2130 890 2216 quovis
912 2131 984 2193 loco
1006 2144 1039 2195 et
1062 2145 1215 2216 tempore,
1240 2129 1321 2194 nihil

84 2246 237 2297 morantes
262 2254 421 2295 armorum
444 2231 597 2317 strepitus
619 2253 867 2317 concursusque,
890 2231 986 2295 modo
1008 2231 1195 2295 Dominatio
1217 2243 1322 2295 vestra

84 2356 152 2396 cum
184 2332 322 2420 collegis
355 2332 580 2396 commissariis
614 2333 664 2396 sui
691 2331 789 2419 Regis
812 2354 848 2395 ac
870 2331 1069 2417 Reipublicae
1091 2332 1234 2396 studium
1257 2355 1321 2396 non

27 2490 29 2519 ζ
86 2448 144 2497 tam
174 2434 295 2510 verbis,
325 2455 421 2519 quam
443 2432 531 2496 facto
553 2433 788 2498 declaraverint
811 2455 846 2496 ac
869 2454 903 2494 re
925 2433 996 2517 ipsa
1018 2431 1225 2509 ostenderint,
1249 2456 1322 2497 oon·

27 2538 28 2543 ’
85 2534 152 2598 silis
174 2535 275 2622 Regis
298 2533 424 2619 Reique
445 2533 584 2620 publieae
607 2532 748 2598 Poloniae
770 2524 833 2595 nou
857 2532 1046 2610 differendo,
1069 2534 1124 2598 sed
1148 2533 1323 2598 auferendo

87 2634 163 2699 bello
194 2634 358 2700 destinata
391 2657 469 2698 esso.
525 2634 574 2697 Ea
607 2648 639 2697 et
671 2635 736 2698 fuit
769 2647 802 2699 et
835 2634 896 2699 crit
925 2649 1082 2720 perpetua
1115 2633 1145 2697 S.
1174 2634 1211 2698 R.
1234 2634 1322 2699 Mttis

86 2758 175 2815 mens,
208 2750 248 2801 ut
278 2757 391 2821 paoem
418 2734 509 2813 velit,
532 2736 587 2798 sed
605 2736 728 2819 justam
751 2749 784 2798 et
807 2756 960 2811 securam,
983 2736 1022 2798 de
1045 2756 1109 2820 quo
1129 2757 1194 2798 non
1217 2735 1323 2800 minus

27 2852 29 2895 t
85 2835 164 2900 inter
184 2860 284 2914 arma,
310 2859 407 2922 quam
430 2835 480 2899 his
503 2834 742 2922 quiescentibus
765 2857 852 2899 more
874 2834 1020 2922 gentium
1042 2847 1171 2920 recepto
1193 2836 1323 2900 tracturi

27 2960 28 2995 1
86 2938 168 3002 solet.
222 2938 273 3001 Eo
306 2959 383 3000 vero
416 2958 501 2999 nunc
535 2958 718 3022 processum
748 2949 806 3013 est,
834 2948 870 2998 ut
893 2958 979 2999 arma
1000 2958 1065 2999 non
1088 2937 1247 3022 possimus
1269 2936 1322 3001 de·

27 3074 28 3079 κ
87 3060 205 3122 ponere,
227 3037 293 3102 nisi
315 3060 381 3124 pax
403 3036 587 3122 contigerit,
610 3038 695 3100 votis
717 3049 750 3100 et
771 3035 917 3122 aequitati
939 3059 1041 3100 oauaae
1062 3049 1176 3100 nostrae
1192 3058 1322 3123 respon·

86 3139 165 3202 dens.
208 3141 332 3204 Datum
355 3162 372 3203 e
395 3137 507 3202 castris
530 3138 569 3201 ad
593 3137 744 3224 Keggum
769 3137 821 3202 die
845 3138 885 3201 10
907 3136 991 3202 tulii
1014 3141 1111 3201 Anno
1135 3138 1226 3202 1625.

853 3304 991 3369 Axelius
1015 3304 1238 3381 Oxenatierna‚

897 3411 927 3459 B.
947 3411 971 3460 S.
993 3410 1188 3460 cancellarius.

167 3580 336 3643 Utamur-ist:
363 3580 508 3644 Magnifica
536 3584 564 3629 et
587 3579 726 3629 Generoso
748 3573 887 3641 D[oml]no
906 3579 1049 3628 (lethardo
1066 3578 1202 3628 Joannia
1225 3577 1324 3639 Tysen·

89 3662 190 3725 hanaen
208 3665 370 3716 castellano
388 3664 528 3714 Vendensl

168 3833 246 3883 litter
271 3831 477 3895 manmkrlptet
503 3831 548 3881 till
576 3832 610 3881 de
637 3830 725 3879 under
744 3830 794 3879 N:o
816 3834 848 3879 49
868 3830 1034 3880 omnamnda
1055 3831 1144 3879 »Actae
1162 3833 1184 3879 lc
1201 3830 1328 3891 Literna»,

90 3910 214 3974 jamterdt
239 3916 304 3966 mad
331 3916 480 3978 alt-ryckat
524 3915 538 3964 1
565 3915 768 3985 manuskrtptet
794 3915 843 3963 har
870 3914 1001 3964 kanslsru
1024 3914 1212 3978 egenhtndrgt
1229 3912 1325 3975 tlllagt

91 3998 166 4049 titeln
191 4001 235 4050 rid
267 4000 473 4049 underskrliten
503 4003 577 4049 aamt
603 3997 730 4061 toljande
757 3998 930 4048 ofverakrlft:
964 3997 1129 4061 »Responsio
1157 3996 1322 4046 Cancellartl

92 4076 168 4145 Regu]
184 4083 285 4133 snecta
305 4084 341 4133 ad
360 4084 557 4134 antecedentes
575 4084 672 4133 literas
691 4082 843 4132 Castellant
861 4081 1038 4132 vendentis».
