3244 5334
336 444 398 507 318

380 615 506 698 Agetur
532 610 584 675 hic
606 611 818 696 imposterum
841 634 890 675 res
912 626 1030 687 nostra,
1054 613 1134 676 etsi
1159 634 1232 675 cum
1256 612 1313 675 illa
1335 634 1434 675 causa
1456 634 1541 676 com·

295 711 400 774 munis
433 711 613 795 promoveri
640 711 768 797 poterit,
794 706 877 776 nihil
900 712 930 775 S.
955 712 991 775 R.
1015 711 1109 776 Mztas
1131 734 1189 798 pro
1212 735 1271 776 suo
1294 713 1413 777 affectu
1438 712 1471 775 in
1495 734 1542 776 sa·

295 811 396 876 lut-ern
428 812 572 876 omnium
605 813 800 876 intentatum
834 811 1002 898 relinquet.
1058 812 1178 892 Quodsi
1209 836 1284 877 vero
1306 813 1425 900 reliqui
1450 828 1542 900 puta·

294 912 400 976 verint
430 911 459 975 S.
488 912 525 977 R.
554 913 642 977 Mztis
665 936 828 978 accessum
852 914 890 977 ad
913 912 1216 978 confederationem
1241 914 1363 999 aliquid
1388 915 1541 999 ponderis

294 1013 474 1077 actionibus
506 1014 674 1099 ceptisque
708 1015 774 1077 suis
806 1014 998 1090 adlaturum,
1031 1013 1187 1078 credibile
1222 1027 1271 1079 est
1296 1013 1370 1078 illos
1394 1014 1425 1077 S.
1450 1014 1540 1078 Maia

295 1113 470 1177 amicitiam
505 1114 681 1200 impensius
714 1114 855 1178 culturos
887 1136 993 1199 neque
1026 1114 1073 1178 ita
1104 1115 1199 1178 siccis
1227 1114 1374 1201 pedibus,
1402 1116 1451 1179 uti
1474 1116 1540 1180 dici

294 1214 385 1292 solet,
420 1215 600 1301 propositas
632 1215 838 1279 condiciones
863 1217 1083 1279 transulturos.
1133 1215 1205 1278 Etsi
1228 1238 1304 1279 vero
1328 1218 1358 1280 S.
1383 1216 1420 1280 R.
1445 1217 1540 1279 M:tas

294 1316 389 1379 certis
422 1316 462 1379 de
496 1315 600 1379 causis
633 1339 666 1379 se
700 1338 821 1403 suaque
855 1315 962 1379 studia
989 1317 1128 1402 amplius
1150 1339 1215 1380 non
1239 1316 1363 1395 offeret,
1388 1317 1540 1403 persistet

293 1430 401 1481 tamen
435 1415 468 1480 in
503 1416 629 1486 eodem,
650 1415 768 1481 affectu
798 1440 864 1480 rem
888 1439 1089 1481 communem
1109 1418 1258 1502 juvandi,
1280 1440 1342 1480 nec
1365 1419 1540 1504 quicquam

294 1518 333 1581 de
367 1516 474 1580 studio
508 1539 544 1580 ac
578 1517 743 1580 voluntate
777 1539 834 1580 sua
859 1517 1013 1593 remittet,
1042 1541 1115 1582 cum
1139 1518 1188 1582 sui
1211 1519 1369 1583 rationem
1393 1518 1539 1582 habitam

293 1616 505 1695 intellexerit;
535 1631 664 1702 quartu
687 1640 745 1703 pro
768 1630 825 1680 tua
847 1618 1018 1703 prudentia
1040 1639 1098 1680 suo
1121 1618 1192 1683 loco
1215 1619 1404 1684 confirmare
1428 1633 1462 1683 et
1484 1642 1540 1683 ex·

294 1717 413 1804 plicare
447 1717 578 1781 uberius
613 1717 740 1804 poteris,
776 1718 835 1781 hoc
863 1717 976 1782 saltem
1000 1719 1177 1797 observato,
1202 1743 1240 1784 ne
1264 1719 1400 1783 nimium
1424 1720 1468 1784 sis
1491 1720 1539 1783 in·

293 1830 456 1904 posterum
479 1819 512 1881 in
536 1820 701 1883 offerendo
724 1819 776 1882 vel
799 1819 891 1882 novis
913 1818 1155 1884 condicionibus
1176 1820 1318 1885 ferendis
1341 1820 1495 1885 liberalis.

377 1920 564 1984 Gratissima
600 1943 727 2007 quoque
763 1920 907 1995 fuerunt,
941 1944 1010 2007 quae
1045 1920 1217 2006 scripsistis
1251 1920 1290 1984 de
1323 1934 1410 1986 statu
1444 1923 1538 2008 regni

294 2021 421 2108 Angliae
454 2035 487 2084 et
520 2021 745 2085 controversiis
780 2043 816 2084 ac
849 2020 991 2084 consiliis
1025 2044 1099 2085 cum
1123 2019 1216 2085 Gallo
1240 2022 1381 2107 agitatis,
1405 2023 1445 2087 de
1470 2027 1538 2086 An·

292 2121 436 2186 strutteri
458 2121 621 2207 legatione
644 2121 708 2185 huc
731 2121 764 2184 in
788 2122 949 2199 Sueciam;
973 2112 1124 2186 adserunt
1146 2121 1231 2185 enim
1255 2122 1399 2185 consiliis
1418 2125 1537 2187 nostris

292 2222 375 2287 haud
405 2221 558 2307 exiguam
587 2222 703 2296 lucem,
730 2244 789 2285 nec
813 2223 967 2309 estquod
992 2245 1130 2298 vereare,
1153 2245 1194 2286 ne
1218 2221 1261 2299 id,
1285 2224 1370 2308 quod
1394 2247 1538 2288 commu·

291 2323 417 2398 nicasti,
441 2323 492 2387 vel
516 2346 558 2385 ex
580 2323 746 2408 proposito
769 2323 822 2386 vel
845 2346 886 2386 cx
908 2323 1083 2409 improviso
1103 2336 1232 2387 emanet
1253 2343 1309 2387 aut
1324 2327 1536 2389 Austruttero

291 2438 484 2508 exponatur;
507 2423 589 2486 dabo
612 2424 698 2487 enim
722 2446 862 2509 operam,
886 2436 922 2486 ut
944 2423 971 2485 si
991 2423 1166 2503 adveniret,
1183 2438 1276 2488 caute
1292 2424 1459 2501 habeatur,
1478 2449 1536 2489 nec-

292 2525 465 2611 quicquam
488 2524 548 2588 tibi
570 2524 676 2587 fraudi
699 2525 750 2588 sit.

377 2627 425 2689 De
448 2625 604 2688 Dantisco
627 2625 713 2710 quod
737 2624 848 2689 scribis
860 2625 898 2706 ¹),
920 2627 1026 2688 fateor
1048 2648 1114 2688 rem
1138 2647 1208 2689 esse
1230 2626 1363 2689 maximi
1378 2627 1536 2691 momenti

292 2741 326 2791 et
357 2726 630 2803 considerationis,
658 2748 727 2811 quae
755 2725 965 2789 nibilominus
993 2739 1087 2789 caute
1110 2725 1275 2789 tractanda
1299 2727 1370 2790 crit.
1416 2727 1536 2792 Gordo-

291 2829 364 2891 nius
387 2827 443 2890 ille
467 2826 582 2890 missus
604 2826 638 2890 in
663 2826 827 2889 Poloniam
850 2826 876 2889 si
900 2849 965 2911 qua
986 2826 1108 2889 ratione
1132 2826 1286 2901 effeceris,
1309 2839 1346 2891 ut
1356 2843 1535 2905 revocetur,

292 2943 388 3015 atque
422 2927 535 2991 secreti
565 2926 614 2990 illi
642 2940 796 2990 tractatus
819 2926 1046 3013 impediuntur,
1070 2939 1202 3013 putate
1226 2928 1394 3013 egregium
1418 2928 1533 2993 fecisse

292 3029 321 3092 S.
356 3028 393 3092 R.
427 3028 499 3091 Mzti
533 3027 715 3105 servitium;
750 3028 798 3091 sin
826 3028 943 3103 minus,
969 3028 1010 3092 da
1035 3049 1175 3112 operam,
1199 3040 1235 3090 ut
1257 3051 1444 3111 cognoscas,
1468 3054 1535 3115 quae

290 3141 440 3216 aguntur,
463 3151 500 3191 ac
523 3129 640 3191 bonum
663 3128 757 3191 illum
781 3128 893 3203 virum,
919 3129 974 3214 qui
997 3128 1031 3191 in
1054 3128 1116 3191 ista
1138 3128 1326 3214 inquisitum
1344 3130 1462 3194 missus
1477 3144 1534 3205 est,

290 3231 429 3295 retineas
462 3253 498 3293 ac
531 3229 663 3292 servitio
691 3229 721 3291 S.
745 3229 783 3293 R.
807 3229 895 3293 Mztis
918 3230 1036 3293 arctius
1060 3228 1249 3315 adstringes,
1273 3228 1370 3315 idque
1392 3254 1434 3295 ne
1457 3231 1534 3316 quid

291 3355 348 3395 noa
370 3331 468 3395 lateat
491 3353 611 3406 corum,
636 3353 704 3416 quae
728 3345 865 3415 agrrutur
886 3329 920 3392 in
943 3329 1166 3414 praeiudicium
1190 3330 1287 3415 Regis
1310 3330 1373 3393 mei
1392 3354 1428 3394 ac
1445 3331 1534 3417 regni

290 3430 395 3494 huius.
440 3431 510 3517 Ego
534 3429 617 3495 nihil
639 3431 672 3494 in
696 3455 747 3494 mc
770 3432 873 3517 patiar
894 3430 1077 3506 desiderari,
1096 3443 1132 3493 ut
1147 3452 1216 3515 quae
1230 3429 1281 3494 illi
1298 3430 1535 3516 promittuntur

291 3531 452 3619 pensionis
484 3532 565 3608 loco,
599 3532 685 3617 justo
720 3545 862 3617 tempore
897 3533 1071 3607 tradantur,
1105 3545 1205 3616 utque
1235 3554 1273 3594 eo
1295 3555 1329 3594 se
1353 3534 1533 3619 promptius

290 3647 388 3717 gerat,
411 3633 521 3695 curavi
544 3632 780 3697 conficiendum
803 3632 852 3696 illi
876 3632 1028 3718 diploma,
1041 3631 1155 3695 relicto
1171 3633 1277 3717 spatio
1292 3632 1418 3697 nomini
1434 3635 1533 3720 ipsius

373 3857 439 3905 Haec
466 3862 539 3914 sunt,
563 3869 623 3917 (111ae
643 3855 666 3903 S.
686 3855 714 3903 R.
735 3855 813 3903 Mttas
833 3856 942 3904 domino
961 3857 1054 3917 legato
1073 3854 1268 3904 communicari
1287 3855 1454 3918 uberlusque
1473 3858 1534 3904 vira

289 3956 354 3990 voce
378 3940 512 4003 explicari
534 3938 625 4001 jussit,
644 3941 794 3988 clementer
812 3938 963 4002 requirens,
982 3944 1012 3987 ut
1031 3939 1181 3987 secundnm
1201 3939 1316 3987 amicam
1335 3941 1532 3989 salutationem

288 4025 355 4087 Regi
374 4038 422 4073 suo
441 4029 469 4072 et
487 4023 682 4072 confoederatis
701 4023 759 4071 haec
777 4023 889 4083 referat,
910 4024 991 4073 etde
1011 4023 1035 4071 S.
1055 4023 1083 4070 B.
1104 4022 1177 4071 limis
1195 4024 1412 4087 propensisslmo
1431 4023 1532 4073 affectu

288 4109 603 4170 benevolentissimoque
623 4109 714 4155 anlmo
734 4112 823 4155 certos
842 4107 988 4169 firmosque
1007 4107 1115 4156 reddat.

1119 4208 1257 4257 Gustarrrs
1275 4207 1445 4270 Adelphos.»

1234 4291 1273 4349 (L.
1293 4291 1329 4347 S)

372 4392 449 4441 litter
475 4393 565 4455 kopia,
592 4407 649 4442 som
677 4393 788 4441 tiuhan
812 4390 906 4454 Spens’
929 4393 1106 4454 handllngar,
1127 4407 1164 4441 na
1184 4393 1271 4441 bland
1289 4392 1383 4457 kuugl,
1402 4393 1531 4456 koncept,

287 4475 470 4536 Rtksarlrlvet,
499 4476 620 4538 jamlbrd
651 4478 714 4526 med
741 4476 851 4540 attryck
879 4476 951 4525 alter
978 4491 1070 4526 aunan
1097 4475 1181 4538 kopla
1208 4476 1258 4525 hos
1285 4476 1530 4539 Schybergaon,

290 4558 473 4609 undertaaat.
492 4575 533 4609 ora
551 4575 582 4607 aa
601 4561 753 4625 aaaapallalr
771 4562 882 4621 alliena,
900 4562 951 4610 Bll.
971 4561 1022 4609 sld.
1041 4559 1167 4609 XXXIV.

372 4657 392 4715 ¹)
410 4660 442 4708 Sc
462 4660 556 4722 Spens'
576 4662 639 4709 bref
657 4662 701 4710 till
721 4661 851 4710 lranslern
870 4662 943 4710 ald.
963 4666 994 4709 lb
1012 4661 1073 4711 lan.
1096 4665 1167 4709 1620.
