3288 5330
343 427 407 490 460

303 593 534 679 prudentiusne
567 593 674 657 fecero
703 593 858 677 jubendo,
889 606 926 656 ut
947 593 1164 671 redderentur,
1186 616 1226 657 sn
1249 607 1296 671 tu,
1319 593 1375 681 qui
1398 616 1451 657 ess
1474 593 1552 658 reti-

303 694 425 774 nueris3
459 717 529 759 eam
557 717 632 758 vero
654 693 805 759 amicitias
828 694 985 758 rationem
1009 717 1044 759 ac
1067 695 1134 759 vim
1157 707 1246 782 puto,
1270 708 1308 759 ut
1329 694 1430 759 libere
1452 693 1553 759 liceat

304 795 421 873 dicere,
456 793 542 882 quod
574 795 708 874 sentias,
731 795 869 882 ideoque
891 817 966 859 curn
990 793 1093 883 magis
1111 794 1294 880 judicarem
1317 819 1335 860 e
1357 818 1391 859 re
1413 817 1492 872 esse,
1514 807 1554 859 ut

303 895 405 961 literae
438 919 514 960 mese
546 895 849 972 transmitterentur,
883 895 967 959 nihil
988 895 1079 959 volui
1102 896 1315 972 dissimulare,
1337 908 1370 960 st
1392 897 1461 960 sine
1484 895 1554 960 ulla

304 997 402 1060 animi
435 996 488 1060 vel
521 995 745 1083 indignatione
773 995 826 1060 vel
849 995 1048 1060 alteratione.
1095 996 1179 1061 Volo
1202 998 1298 1074 enim,
1322 1010 1359 1061 ut
1382 1014 1551 1083 procerte

303 1111 434 1175 statues,
467 1098 621 1163 effectum
654 1110 746 1161 tuum
778 1098 813 1160 in
846 1095 1014 1161 servitium
1047 1097 1077 1160 S.
1111 1097 1149 1163 R.
1184 1097 1272 1162 Mrtis
1294 1098 1361 1162 d:ni
1383 1099 1448 1162 mei
1470 1095 1550 1161 odeo

304 1199 385 1263 milri
419 1213 623 1285 perspectum
656 1211 690 1263 st
722 1198 905 1284 probatum,
933 1211 969 1261 ut
990 1221 1029 1262 eo
1051 1199 1181 1262 nomine
1204 1221 1255 1263 me
1277 1198 1338 1262 tibi
1360 1196 1549 1263 obstrictum

305 1312 426 1386 putem.

388 1400 465 1479 Quat
499 1399 583 1485 spud
607 1421 665 1463 nos
686 1399 721 1462 in
743 1398 866 1463 vicinia
889 1422 975 1464 nune
998 1414 1164 1486 geruntur,
1187 1421 1362 1485 cognoscet
1384 1422 1428 1463 ex
1450 1399 1549 1463 Grub

303 1500 367 1578 bio,
391 1523 486 1587 quem
508 1500 548 1564 de
570 1500 719 1564 omnibus
742 1499 827 1584 jussi
850 1500 999 1564 seribere.
1047 1499 1183 1564 Interim
1205 1522 1278 1564 eum
1301 1500 1434 1565 Elector
1455 1500 1550 1564 Bran·

304 1601 499 1689 deburgicus
521 1623 607 1664 nunc
630 1600 673 1664 sit
694 1600 916 1687 Regiomonti,
939 1600 1074 1664 firmetis
1096 1600 1244 1665 nonnihil
1260 1602 1356 1666 rebus
1371 1601 1437 1665 suis
1453 1623 1551 1687 quan·

304 1702 503 1788 tulocunque
525 1701 683 1779 exercitu,
706 1723 803 1787 quem
826 1701 902 1765 ideo
924 1700 1098 1765 adduxisse
1120 1702 1258 1779 videtur,
1281 1715 1319 1765 ut
1341 1701 1411 1767 eius
1434 1700 1552 1766 fiducia

303 1814 369 1867 tam
401 1801 494 1866 nobie
528 1824 624 1888 quem
658 1801 744 1866 hosti
778 1801 954 1867 animosius
975 1801 1178 1888 respondeat,
1200 1824 1306 1889 neque
1329 1802 1369 1866 ad
1392 1802 1551 1889 quaslibet

306 1903 406 1967 mines
439 1903 652 1978 exhorrescat,
686 1925 748 1990 ego
781 1902 862 1968 bene
895 1915 1003 1967 actum
1031 1901 1193 1981 existimo,
1216 1901 1300 1989 quod
1325 1902 1431 1967 sdhuo
1453 1904 1497 1966 sis
1518 1903 1551 1965 in

305 2003 428 2078 Pillsw,
462 2016 500 2068 ut
532 2003 636 2068 veluti
669 2026 688 2068 s
720 2003 853 2089 specula
875 2016 973 2091 atque
995 2004 1188 2090 propinquo,
1211 2026 1282 2089 quse
1305 2025 1392 2068 nuno
1414 2016 1552 2091 agantur

305 2105 521 2193 Regiomonti,
544 2104 694 2169 observes
716 2118 751 2169 et
771 2104 924 2191 inspicias
947 2118 1107 2169 accurate.
1145 2102 1180 2167 Si
1207 2126 1287 2189 quos
1309 2102 1409 2169 habes
1423 2104 1552 2180 amicos,

304 2205 427 2271 directe
459 2204 534 2269 illos
568 2228 605 2267 sc
637 2204 796 2269 indirecte
830 2205 1000 2290 compella,
1035 2205 1127 2293 sique
1161 2205 1216 2291 qui
1239 2217 1389 2291 sumptus
1410 2203 1552 2270 faciendi

305 2321 389 2383 sunt,
423 2328 495 2371 meo
522 2305 555 2370 id
578 2328 675 2371 onere
697 2306 809 2385 facito,
832 2319 868 2370 ut
889 2306 1083 2393 tempestive
1104 2327 1290 2393 cognoscas,
1313 2305 1391 2391 quid
1413 2305 1471 2368 ille
1493 2305 1553 2369 Po·

305 2407 431 2471 lonicus
464 2407 653 2471 secretarius
687 2406 858 2483 Zavsdslri‚
892 2429 994 2492 nuper
1015 2430 1033 2471 e
1055 2406 1191 2471 Polonia
1212 2428 1369 2482 reversus,
1391 2405 1553 2485 attulerit;

305 2507 384 2595 quid
416 2531 503 2572 nunc
536 2509 712 2596 asingulis
736 2522 770 2573 et
792 2508 952 2573 universis
975 2520 1105 2595 agatur3
1129 2531 1193 2592 quo
1215 2506 1386 2584 Electoris,
1408 2530 1473 2593 quo
1496 2506 1552 2572 Or·

305 2611 417 2674 dinum
450 2624 525 2673 vote
547 2608 721 2687 inclinent3
743 2608 801 2695 qui
827 2610 871 2674 sit
893 2608 1074 2674 animorum
1097 2622 1213 2672 motus.
1258 2607 1336 2672 Haec
1361 2630 1435 2672 vero
1457 2606 1555 2691 exli)

305 2710 419 2789 verbis,
443 2710 499 2774 sed
522 2710 626 2796 magis
648 2732 691 2773 ex
712 2710 879 2774 secretiori
901 2711 999 2775 enimi
1022 2732 1119 2774 sensu
1141 2708 1293 2774 eruendo.

389 2810 549 2898 inquirito
582 2811 690 2887 ctiam,
723 2810 780 2874 ubi
813 2810 906 2874 miles
936 2809 1217 2895 Brandeburgicus
1241 2810 1478 2895 hyberneturus
1500 2810 1552 2885 sit,

305 2911 444 2976 simulne
477 2934 517 2975 an
550 2910 737 2975 disiunctim
771 2909 908 2975 diversis
943 2911 976 2974 in
998 2911 1088 2985 locis,
1112 2922 1145 2975 et
1166 2934 1229 2997 quo
1252 2924 1392 2975 castrum
1416 2910 1553 2997 quodvis

306 3012 452 3096 praesidio
487 3011 711 3090 muniendum3
744 3011 815 3097 quis
849 3010 946 3075 militi
969 3011 1132 3097 stipendia
1153 3025 1379 3076 numereturus
1402 3024 1435 3075 et
1457 3011 1551 3075 unde.

306 3114 418 3199 Neque
452 3111 599 3199 negligas
632 3134 837 3199 cognoscere,
860 3112 931 3198 quis
953 3133 1058 3177 rerum
1081 3111 1309 3176 Livonicsrum
1330 3126 1365 3176 et
1385 3111 1553 3177 Lithvani·

306 3237 413 3278 carum
436 3226 537 3277 status
560 3213 611 3277 sit.
645 3212 690 3277 Et
711 3211 865 3299 quicquid
888 3212 1002 3276 horum
1023 3211 1233 3291 intellexeris,
1257 3214 1295 3277 ad
1311 3235 1362 3278 me
1379 3212 1553 3299 perscribe,

307 3316 398 3401 sique
432 3326 576 3378 aetorum
610 3313 814 3400 publicorum
847 3326 905 3377 aut
936 3312 1102 3384 literarum
1131 3313 1328 3399 privatarum
1351 3313 1553 3400 exemplaria

306 3414 414 3500 eliqua
435 3415 538 3478 fueris
559 3414 704 3501 adeptus,
727 3435 855 3479 meeum
879 3415 1092 3478 communica.

391 3515 483 3593 Vale,
507 3515 558 3578 vir
579 3515 712 3600 optime,
738 3527 772 3578 et
795 3538 845 3578 me
869 3537 973 3579 amare
998 3538 1104 3602 perge.
1139 3515 1308 3580 Dabuntur
1330 3515 1479 3603 Elbingae
1501 3513 1552 3577 die

307 3616 347 3679 29
370 3615 444 3681 dan.
466 3619 530 3680 An.
556 3616 645 3680 1627.

390 3787 585 3850 Egsnhtndlgt
611 3787 734 3850 koncept
758 3789 769 3837 l
791 3786 1008 3837 Oxsnstternska
1026 3789 1189 3850 samtingen,
1208 3787 1269 3837 med
1288 3787 1422 3850 ptskrift:
1452 3786 1554 3836 nonde·

307 3885 434 3921 mannos.
