<?xml version="1.0" encoding="UTF-8"?>
<!DOCTYPE html PUBLIC "-//W3C//DTD XHTML 1.0 Transitional//EN"
    "http://www.w3.org/TR/xhtml1/DTD/xhtml1-transitional.dtd">
<html xmlns="http://www.w3.org/1999/xhtml" xml:lang="en" lang="en">
 <head>
  <title>
</title>
<meta http-equiv="Content-Type" content="text/html;charset=utf-8" />
  <meta name='ocr-system' content='tesseract 3.04.00' />
  <meta name='ocr-capabilities' content='ocr_page ocr_carea ocr_par ocr_line ocrx_word'/>
</head>
<body>
  <div class='ocr_page' id='page_1' title='image "./rikskanslerenax00akadgoog_0231.png"; bbox 0 0 3212 5352; ppageno 0'>
   <div class='ocr_carea' id='block_1_1' title="bbox 1206 394 1266 458">
    <p class='ocr_par' dir='ltr' id='par_1_1' title="bbox 1206 394 1266 458">
     <span class='ocr_line' id='line_1_1' title="bbox 1206 394 1266 458; baseline 0 -1"><span class='ocrx_word' id='word_1_1' title='bbox 1206 394 1266 458; x_wconf 81' lang='lat' dir='ltr'><strong>19r</strong></span> 
     </span>
    </p>
   </div>
   <div class='ocr_carea' id='block_1_2' title="bbox 7 558 1314 4475">
    <p class='ocr_par' dir='ltr' id='par_1_2' title="bbox 68 558 1314 1754">
     <span class='ocr_line' id='line_1_2' title="bbox 70 558 1314 647; baseline -0.005 -21"><span class='ocrx_word' id='word_1_2' title='bbox 70 574 97 626; x_wconf 89' lang='lat' dir='ltr'><strong>st</strong></span> <span class='ocrx_word' id='word_1_3' title='bbox 125 561 211 627; x_wconf 79' lang='lat' dir='ltr'><strong>velle</strong></span> <span class='ocrx_word' id='word_1_4' title='bbox 246 572 281 625; x_wconf 91' lang='lat' dir='ltr'><strong>et</strong></span> <span class='ocrx_word' id='word_1_5' title='bbox 313 582 428 647; x_wconf 90' lang='lat' dir='ltr'><strong>urgere</strong></span> <span class='ocrx_word' id='word_1_6' title='bbox 457 559 545 623; x_wconf 91' lang='lat' dir='ltr'><strong>visus</strong></span> <span class='ocrx_word' id='word_1_7' title='bbox 571 572 629 633; x_wconf 90' lang='lat' dir='ltr'><strong>est,</strong></span> <span class='ocrx_word' id='word_1_8' title='bbox 651 559 685 623; x_wconf 91' lang='lat' dir='ltr'><strong>in</strong></span> <span class='ocrx_word' id='word_1_9' title='bbox 708 559 905 624; x_wconf 77' lang='lat' dir='ltr'><strong>nostratibus</strong></span> <span class='ocrx_word' id='word_1_10' title='bbox 927 558 1083 624; x_wconf 90' lang='lat' dir='ltr'><strong>violatum</strong></span> <span class='ocrx_word' id='word_1_11' title='bbox 1106 558 1157 637; x_wconf 89' lang='lat' dir='ltr'><strong>iri,</strong></span> <span class='ocrx_word' id='word_1_12' title='bbox 1180 574 1218 624; x_wconf 94' lang='lat' dir='ltr'><strong>ut</strong></span> <span class='ocrx_word' id='word_1_13' title='bbox 1240 583 1314 646; x_wconf 51' lang='lat' dir='ltr'><strong>pro«</strong></span> 
     </span>
     <span class='ocr_line' id='line_1_3' title="bbox 69 659 1312 747; baseline 0.002 -22"><span class='ocrx_word' id='word_1_14' title='bbox 69 662 196 726; x_wconf 89' lang='lat' dir='ltr'><strong>missum</strong></span> <span class='ocrx_word' id='word_1_15' title='bbox 232 684 342 725; x_wconf 89' lang='lat' dir='ltr'><strong>meum</strong></span> <span class='ocrx_word' id='word_1_16' title='bbox 376 660 586 738; x_wconf 81' lang='lat' dir='ltr'><strong>exsolverem,</strong></span> <span class='ocrx_word' id='word_1_17' title='bbox 621 659 721 725; x_wconf 90' lang='lat' dir='ltr'>biduo</span> <span class='ocrx_word' id='word_1_18' title='bbox 754 673 829 747; x_wconf 87' lang='lat' dir='ltr'><strong>post</strong></span> <span class='ocrx_word' id='word_1_19' title='bbox 861 682 949 725; x_wconf 87' lang='lat' dir='ltr'><strong>meos</strong></span> <span class='ocrx_word' id='word_1_20' title='bbox 982 659 1132 747; x_wconf 79' lang='lat' dir='ltr'><strong>ablegari</strong></span> <span class='ocrx_word' id='word_1_21' title='bbox 1159 673 1192 727; x_wconf 89' lang='lat' dir='ltr'><strong>et</strong></span> <span class='ocrx_word' id='word_1_22' title='bbox 1214 661 1312 727; x_wconf 89' lang='lat' dir='ltr'><strong>misso</strong></span> 
     </span>
     <span class='ocr_line' id='line_1_4' title="bbox 69 760 1312 849; baseline 0.002 -24"><span class='ocrx_word' id='word_1_23' title='bbox 69 761 211 849; x_wconf 82' lang='lat' dir='ltr'><strong>expetito</strong></span> <span class='ocrx_word' id='word_1_24' title='bbox 246 761 423 848; x_wconf 79' lang='lat' dir='ltr'>diplomate</span> <span class='ocrx_word' id='word_1_25' title='bbox 455 761 647 837; x_wconf 66' lang='lat' dir='ltr'><strong>securitatis,</strong></span> <span class='ocrx_word' id='word_1_26' title='bbox 675 760 750 847; x_wconf 90' lang='lat' dir='ltr'><strong>quid</strong></span> <span class='ocrx_word' id='word_1_27' title='bbox 777 761 929 826; x_wconf 74' lang='lat' dir='ltr'><strong>sentirem</strong></span> <span class='ocrx_word' id='word_1_28' title='bbox 951 760 991 827; x_wconf 92' lang='lat' dir='ltr'><strong>de</strong></span> <span class='ocrx_word' id='word_1_29' title='bbox 1013 761 1086 826; x_wconf 91' lang='lat' dir='ltr'><strong>looo</strong></span> <span class='ocrx_word' id='word_1_30' title='bbox 1108 776 1143 825; x_wconf 91' lang='lat' dir='ltr'><strong>et</strong></span> <span class='ocrx_word' id='word_1_31' title='bbox 1164 774 1312 847; x_wconf 86' lang='lat' dir='ltr'><strong>tempore</strong></span> 
     </span>
     <span class='ocr_line' id='line_1_5' title="bbox 69 861 1312 950; baseline 0 -23"><span class='ocrx_word' id='word_1_32' title='bbox 69 884 256 950; x_wconf 90' lang='lat' dir='ltr'><strong>congressus</strong></span> <span class='ocrx_word' id='word_1_33' title='bbox 279 885 315 926; x_wconf 88' lang='lat' dir='ltr'><strong>ac</strong></span> <span class='ocrx_word' id='word_1_34' title='bbox 335 862 490 926; x_wconf 90' lang='lat' dir='ltr'><strong>comitatu</strong></span> <span class='ocrx_word' id='word_1_35' title='bbox 506 861 673 948; x_wconf 88' lang='lat' dir='ltr'><strong>utriusque</strong></span> <span class='ocrx_word' id='word_1_36' title='bbox 689 874 844 939; x_wconf 88' lang='lat' dir='ltr'><strong>nostrum,</strong></span> <span class='ocrx_word' id='word_1_37' title='bbox 860 861 996 927; x_wconf 79' lang='lat' dir='ltr'><strong>candide</strong></span> <span class='ocrx_word' id='word_1_38' title='bbox 1011 861 1165 948; x_wconf 82' lang='lat' dir='ltr'><strong>explicui,</strong></span> <span class='ocrx_word' id='word_1_39' title='bbox 1181 862 1312 947; x_wconf 84' lang='lat' dir='ltr'><strong>fecique</strong></span> 
     </span>
     <span class='ocr_line' id='line_1_6' title="bbox 69 962 1313 1050; baseline -0.003 -23"><span class='ocrx_word' id='word_1_40' title='bbox 69 963 127 1027; x_wconf 89' lang='lat' dir='ltr'><strong>illis</strong></span> <span class='ocrx_word' id='word_1_41' title='bbox 149 976 361 1049; x_wconf 85' lang='lat' dir='ltr'><strong>potestatem,</strong></span> <span class='ocrx_word' id='word_1_42' title='bbox 384 962 411 1026; x_wconf 90' lang='lat' dir='ltr'><strong>si</strong></span> <span class='ocrx_word' id='word_1_43' title='bbox 433 962 645 1027; x_wconf 85' lang='lat' dir='ltr'><strong>commissarii</strong></span> <span class='ocrx_word' id='word_1_44' title='bbox 667 974 822 1027; x_wconf 82' lang='lat' dir='ltr'><strong>vestrates</strong></span> <span class='ocrx_word' id='word_1_45' title='bbox 844 962 926 1027; x_wconf 85' lang='lat' dir='ltr'><strong>serio</strong></span> <span class='ocrx_word' id='word_1_46' title='bbox 948 985 1015 1027; x_wconf 88' lang='lat' dir='ltr'><strong>rem</strong></span> <span class='ocrx_word' id='word_1_47' title='bbox 1034 985 1148 1050; x_wconf 85' lang='lat' dir='ltr'><strong>urgere</strong></span> <span class='ocrx_word' id='word_1_48' title='bbox 1164 963 1313 1029; x_wconf 72' lang='lat' dir='ltr'><strong>viderem.</strong></span> 
     </span>
     <span class='ocr_line' id='line_1_7' title="bbox 68 1061 1312 1151; baseline -0.001 -23"><span class='ocrx_word' id='word_1_49' title='bbox 68 1077 123 1141; x_wconf 88' lang='lat' dir='ltr'><strong>tur,</strong></span> <span class='ocrx_word' id='word_1_50' title='bbox 145 1063 309 1127; x_wconf 91' lang='lat' dir='ltr'><strong>nonnulla</strong></span> <span class='ocrx_word' id='word_1_51' title='bbox 330 1062 370 1128; x_wconf 90' lang='lat' dir='ltr'><strong>de</strong></span> <span class='ocrx_word' id='word_1_52' title='bbox 395 1085 554 1127; x_wconf 87' lang='lat' dir='ltr'><strong>armorum</strong></span> <span class='ocrx_word' id='word_1_53' title='bbox 577 1062 779 1149; x_wconf 85' lang='lat' dir='ltr'><strong>depositione</strong></span> <span class='ocrx_word' id='word_1_54' title='bbox 801 1061 928 1151; x_wconf 88' lang='lat' dir='ltr'><strong>agendi.</strong></span> <span class='ocrx_word' id='word_1_55' title='bbox 972 1062 1011 1126; x_wconf 92' lang='lat' dir='ltr'><strong>In</strong></span> <span class='ocrx_word' id='word_1_56' title='bbox 1034 1063 1148 1128; x_wconf 90' lang='lat' dir='ltr'><strong>horum</strong></span> <span class='ocrx_word' id='word_1_57' title='bbox 1170 1062 1312 1128; x_wconf 88' lang='lat' dir='ltr'><strong>reditum</strong></span> 
     </span>
     <span class='ocr_line' id='line_1_8' title="bbox 69 1163 1312 1249; baseline 0 -21"><span class='ocrx_word' id='word_1_58' title='bbox 69 1165 220 1229; x_wconf 87' lang='lat' dir='ltr'><strong>coniectis</strong></span> <span class='ocrx_word' id='word_1_59' title='bbox 254 1163 397 1228; x_wconf 90' lang='lat' dir='ltr'><strong>consiliis</strong></span> <span class='ocrx_word' id='word_1_60' title='bbox 423 1163 464 1229; x_wconf 91' lang='lat' dir='ltr'><strong>de</strong></span> <span class='ocrx_word' id='word_1_61' title='bbox 491 1185 569 1249; x_wconf 87' lang='lat' dir='ltr'><strong>pace</strong></span> <span class='ocrx_word' id='word_1_62' title='bbox 592 1164 719 1242; x_wconf 88' lang='lat' dir='ltr'><strong>nostris,</strong></span> <span class='ocrx_word' id='word_1_63' title='bbox 742 1186 817 1229; x_wconf 89' lang='lat' dir='ltr'><strong>ecce</strong></span> <span class='ocrx_word' id='word_1_64' title='bbox 839 1164 990 1249; x_wconf 88' lang='lat' dir='ltr'><strong>delapsus</strong></span> <span class='ocrx_word' id='word_1_65' title='bbox 1013 1187 1094 1228; x_wconf 88' lang='lat' dir='ltr'><strong>unus</strong></span> <span class='ocrx_word' id='word_1_66' title='bbox 1116 1165 1237 1229; x_wconf 82' lang='lat' dir='ltr'><strong>alterve</strong></span> <span class='ocrx_word' id='word_1_67' title='bbox 1260 1187 1312 1228; x_wconf 90' lang='lat' dir='ltr'><strong>co·</strong></span> 
     </span>
     <span class='ocr_line' id='line_1_9' title="bbox 70 1262 1310 1349; baseline 0 -20"><span class='ocrx_word' id='word_1_68' title='bbox 70 1265 178 1329; x_wconf 90' lang='lat' dir='ltr'><strong>mitum</strong></span> <span class='ocrx_word' id='word_1_69' title='bbox 212 1265 322 1339; x_wconf 84' lang='lat' dir='ltr'><strong>refert,</strong></span> <span class='ocrx_word' id='word_1_70' title='bbox 356 1262 582 1349; x_wconf 84' lang='lat' dir='ltr'><strong>subdelegatos</strong></span> <span class='ocrx_word' id='word_1_71' title='bbox 615 1287 703 1330; x_wconf 87' lang='lat' dir='ltr'><strong>meos</strong></span> <span class='ocrx_word' id='word_1_72' title='bbox 730 1264 765 1328; x_wconf 93' lang='lat' dir='ltr'><strong>in</strong></span> <span class='ocrx_word' id='word_1_73' title='bbox 786 1263 893 1329; x_wconf 87' lang='lat' dir='ltr'><strong>reditu</strong></span> <span class='ocrx_word' id='word_1_74' title='bbox 916 1288 933 1329; x_wconf 96' lang='lat' dir='ltr'><strong>a</strong></span> <span class='ocrx_word' id='word_1_75' title='bbox 956 1264 1150 1330; x_wconf 83' lang='lat' dir='ltr'><strong>vestratibus</strong></span> <span class='ocrx_word' id='word_1_76' title='bbox 1173 1264 1310 1343; x_wconf 88' lang='lat' dir='ltr'><strong>invasos,</strong></span> 
     </span>
     <span class='ocr_line' id='line_1_10' title="bbox 70 1364 1311 1452; baseline 0 -23"><span class='ocrx_word' id='word_1_77' title='bbox 70 1365 230 1452; x_wconf 88' lang='lat' dir='ltr'><strong>spoliatos,</strong></span> <span class='ocrx_word' id='word_1_78' title='bbox 266 1364 430 1441; x_wconf 91' lang='lat' dir='ltr'><strong>abductos,</strong></span> <span class='ocrx_word' id='word_1_79' title='bbox 464 1387 523 1428; x_wconf 90' lang='lat' dir='ltr'><strong>nec</strong></span> <span class='ocrx_word' id='word_1_80' title='bbox 556 1365 722 1429; x_wconf 87' lang='lat' dir='ltr'><strong>literarum</strong></span> <span class='ocrx_word' id='word_1_81' title='bbox 752 1364 1053 1429; x_wconf 87' lang='lat' dir='ltr'><strong>commissorialium</strong></span> <span class='ocrx_word' id='word_1_82' title='bbox 1075 1389 1134 1431; x_wconf 88' lang='lat' dir='ltr'><strong>noc</strong></span> <span class='ocrx_word' id='word_1_83' title='bbox 1157 1364 1311 1430; x_wconf 89' lang='lat' dir='ltr'><strong>tubicinis</strong></span> 
     </span>
     <span class='ocr_line' id='line_1_11' title="bbox 71 1464 1311 1553; baseline 0.002 -25"><span class='ocrx_word' id='word_1_84' title='bbox 71 1465 208 1530; x_wconf 86' lang='lat' dir='ltr'><strong>adiuncti</strong></span> <span class='ocrx_word' id='word_1_85' title='bbox 248 1464 359 1530; x_wconf 87' lang='lat' dir='ltr'><strong>habito</strong></span> <span class='ocrx_word' id='word_1_86' title='bbox 394 1469 558 1551; x_wconf 89' lang='lat' dir='ltr'><strong>respectu!</strong></span> <span class='ocrx_word' id='word_1_87' title='bbox 602 1465 701 1530; x_wconf 88' lang='lat' dir='ltr'><strong>Initio</strong></span> <span class='ocrx_word' id='word_1_88' title='bbox 735 1464 965 1553; x_wconf 81' lang='lat' dir='ltr'><strong>ambigebatur,</strong></span> <span class='ocrx_word' id='word_1_89' title='bbox 1003 1479 1150 1553; x_wconf 83' lang='lat' dir='ltr'><strong>possetne</strong></span> <span class='ocrx_word' id='word_1_90' title='bbox 1184 1480 1311 1531; x_wconf 86' lang='lat' dir='ltr'><strong>tantum</strong></span> 
     </span>
     <span class='ocr_line' id='line_1_12' title="bbox 69 1565 1312 1654; baseline 0.001 -25"><span class='ocrx_word' id='word_1_91' title='bbox 69 1567 191 1631; x_wconf 81' lang='lat' dir='ltr'><strong>lacinus</strong></span> <span class='ocrx_word' id='word_1_92' title='bbox 225 1565 340 1630; x_wconf 88' lang='lat' dir='ltr'><strong>cadere</strong></span> <span class='ocrx_word' id='word_1_93' title='bbox 374 1566 407 1629; x_wconf 92' lang='lat' dir='ltr'><strong>in</strong></span> <span class='ocrx_word' id='word_1_94' title='bbox 440 1579 572 1653; x_wconf 85' lang='lat' dir='ltr'><strong>gentem</strong></span> <span class='ocrx_word' id='word_1_95' title='bbox 605 1565 844 1645; x_wconf 88' lang='lat' dir='ltr'><strong>Lithuanicam,</strong></span> <span class='ocrx_word' id='word_1_96' title='bbox 878 1567 980 1632; x_wconf 90' lang='lat' dir='ltr'><strong>donec</strong></span> <span class='ocrx_word' id='word_1_97' title='bbox 1013 1589 1130 1643; x_wconf 91' lang='lat' dir='ltr'><strong>rumor,</strong></span> <span class='ocrx_word' id='word_1_98' title='bbox 1157 1568 1312 1654; x_wconf 87' lang='lat' dir='ltr'><strong>temporis</strong></span> 
     </span>
     <span class='ocr_line' id='line_1_13' title="bbox 70 1665 1052 1754; baseline 0.002 -25"><span class='ocrx_word' id='word_1_99' title='bbox 70 1666 156 1754; x_wconf 87' lang='lat' dir='ltr'><strong>lapsu</strong></span> <span class='ocrx_word' id='word_1_100' title='bbox 180 1666 340 1743; x_wconf 86' lang='lat' dir='ltr'><strong>firmatus,</strong></span> <span class='ocrx_word' id='word_1_101' title='bbox 363 1688 491 1729; x_wconf 89' lang='lat' dir='ltr'><strong>omnem</strong></span> <span class='ocrx_word' id='word_1_102' title='bbox 514 1665 606 1730; x_wconf 91' lang='lat' dir='ltr'><strong>nobis</strong></span> <span class='ocrx_word' id='word_1_103' title='bbox 628 1666 863 1731; x_wconf 83' lang='lat' dir='ltr'><strong>dubitationem</strong></span> <span class='ocrx_word' id='word_1_104' title='bbox 886 1668 1052 1733; x_wconf 85' lang='lat' dir='ltr'><strong>exemerit.</strong></span> 
     </span>
    </p>

    <p class='ocr_par' dir='ltr' id='par_1_3' title="bbox 7 1766 1312 2561">
     <span class='ocr_line' id='line_1_14' title="bbox 147 1766 1302 1854; baseline -0.001 -22"><span class='ocrx_word' id='word_1_105' title='bbox 147 1766 271 1854; x_wconf 83' lang='lat' dir='ltr'><strong>Scripsi</strong></span> <span class='ocrx_word' id='word_1_106' title='bbox 305 1788 345 1830; x_wconf 90' lang='lat' dir='ltr'><strong>ea</strong></span> <span class='ocrx_word' id='word_1_107' title='bbox 376 1768 417 1831; x_wconf 90' lang='lat' dir='ltr'><strong>de</strong></span> <span class='ocrx_word' id='word_1_108' title='bbox 449 1789 483 1830; x_wconf 82' lang='lat' dir='ltr'><strong>re.</strong></span> <span class='ocrx_word' id='word_1_109' title='bbox 516 1767 741 1832; x_wconf 86' lang='lat' dir='ltr'><strong>commissariis</strong></span> <span class='ocrx_word' id='word_1_110' title='bbox 772 1767 964 1832; x_wconf 87' lang='lat' dir='ltr'><strong>vestratibus</strong></span> <span class='ocrx_word' id='word_1_111' title='bbox 993 1767 1109 1833; x_wconf 89' lang='lat' dir='ltr'><strong>abhinc</strong></span> <span class='ocrx_word' id='word_1_112' title='bbox 1132 1768 1263 1833; x_wconf 90' lang='lat' dir='ltr'><strong>octiduo</strong></span> <span class='ocrx_word' id='word_1_113' title='bbox 1275 1769 1302 1849; x_wconf 83' lang='grc'><strong>1)</strong></span> 
     </span>
     <span class='ocr_line' id='line_1_15' title="bbox 70 1867 1312 1956; baseline 0.001 -25"><span class='ocrx_word' id='word_1_114' title='bbox 70 1881 99 1932; x_wconf 89' lang='lat' dir='ltr'><strong>et</strong></span> <span class='ocrx_word' id='word_1_115' title='bbox 127 1884 164 1933; x_wconf 89' lang='lat' dir='ltr'><strong>ut</strong></span> <span class='ocrx_word' id='word_1_116' title='bbox 196 1867 411 1933; x_wconf 87' lang='lat' dir='ltr'><strong>redderentur</strong></span> <span class='ocrx_word' id='word_1_117' title='bbox 442 1867 534 1931; x_wconf 87' lang='lat' dir='ltr'><strong>nobis</strong></span> <span class='ocrx_word' id='word_1_118' title='bbox 567 1868 769 1956; x_wconf 87' lang='lat' dir='ltr'><strong>subdelegati</strong></span> <span class='ocrx_word' id='word_1_119' title='bbox 802 1868 876 1946; x_wconf 86' lang='lat' dir='ltr'><strong>mei,</strong></span> <span class='ocrx_word' id='word_1_120' title='bbox 911 1890 990 1954; x_wconf 89' lang='lat' dir='ltr'><strong>quos</strong></span> <span class='ocrx_word' id='word_1_121' title='bbox 1022 1868 1149 1954; x_wconf 91' lang='lat' dir='ltr'><strong>injussu</strong></span> <span class='ocrx_word' id='word_1_122' title='bbox 1182 1869 1312 1933; x_wconf 90' lang='lat' dir='ltr'><strong>illorum</strong></span> 
     </span>
     <span class='ocr_line' id='line_1_16' title="bbox 71 1966 1312 2055; baseline 0.002 -23"><span class='ocrx_word' id='word_1_123' title='bbox 71 1969 222 2034; x_wconf 88' lang='lat' dir='ltr'><strong>abductos</strong></span> <span class='ocrx_word' id='word_1_124' title='bbox 257 1966 436 2047; x_wconf 79' lang='lat' dir='ltr'><strong>credebam,</strong></span> <span class='ocrx_word' id='word_1_125' title='bbox 469 1970 596 2055; x_wconf 86' lang='lat' dir='ltr'><strong>rogavi;</strong></span> <span class='ocrx_word' id='word_1_126' title='bbox 630 1991 742 2034; x_wconf 89' lang='lat' dir='ltr'><strong>verum</strong></span> <span class='ocrx_word' id='word_1_127' title='bbox 774 1991 847 2032; x_wconf 91' lang='lat' dir='ltr'><strong>cum</strong></span> <span class='ocrx_word' id='word_1_128' title='bbox 880 1990 939 2033; x_wconf 90' lang='lat' dir='ltr'><strong>nec</strong></span> <span class='ocrx_word' id='word_1_129' title='bbox 973 1968 1007 2033; x_wconf 92' lang='lat' dir='ltr'><strong>hi</strong></span> <span class='ocrx_word' id='word_1_130' title='bbox 1040 1970 1224 2048; x_wconf 90' lang='lat' dir='ltr'><strong>reddantur,</strong></span> <span class='ocrx_word' id='word_1_131' title='bbox 1252 1992 1312 2035; x_wconf 88' lang='lat' dir='ltr'><strong>nec</strong></span> 
     </span>
     <span class='ocr_line' id='line_1_17' title="bbox 70 2068 1312 2156; baseline 0.002 -23"><span class='ocrx_word' id='word_1_132' title='bbox 70 2092 254 2156; x_wconf 86' lang='lat' dir='ltr'><strong>responsum</strong></span> <span class='ocrx_word' id='word_1_133' title='bbox 284 2068 463 2155; x_wconf 90' lang='lat' dir='ltr'><strong>acceperim</strong></span> <span class='ocrx_word' id='word_1_134' title='bbox 493 2069 607 2145; x_wconf 87' lang='lat' dir='ltr'><strong>ullum,</strong></span> <span class='ocrx_word' id='word_1_135' title='bbox 635 2070 814 2134; x_wconf 88' lang='lat' dir='ltr'><strong>coniectare</strong></span> <span class='ocrx_word' id='word_1_136' title='bbox 841 2070 934 2147; x_wconf 83' lang='lat' dir='ltr'><strong>licet,</strong></span> <span class='ocrx_word' id='word_1_137' title='bbox 950 2069 1104 2135; x_wconf 91' lang='lat' dir='ltr'><strong>iniectam</strong></span> <span class='ocrx_word' id='word_1_138' title='bbox 1125 2082 1215 2135; x_wconf 89' lang='lat' dir='ltr'><strong>tanta</strong></span> <span class='ocrx_word' id='word_1_139' title='bbox 1237 2094 1312 2135; x_wconf 89' lang='lat' dir='ltr'><strong>cum</strong></span> 
     </span>
     <span class='ocr_line' id='line_1_18' title="bbox 72 2169 1311 2258; baseline 0.002 -24"><span class='ocrx_word' id='word_1_140' title='bbox 72 2170 305 2235; x_wconf 82' lang='lat' dir='ltr'><strong>asseveratione</strong></span> <span class='ocrx_word' id='word_1_141' title='bbox 327 2192 417 2255; x_wconf 92' lang='lat' dir='ltr'><strong>spem</strong></span> <span class='ocrx_word' id='word_1_142' title='bbox 440 2192 630 2258; x_wconf 89' lang='lat' dir='ltr'><strong>congressus</strong></span> <span class='ocrx_word' id='word_1_143' title='bbox 652 2169 909 2234; x_wconf 88' lang='lat' dir='ltr'><strong>commissorialis</strong></span> <span class='ocrx_word' id='word_1_144' title='bbox 932 2192 996 2233; x_wconf 90' lang='lat' dir='ltr'><strong>non</strong></span> <span class='ocrx_word' id='word_1_145' title='bbox 1020 2194 1036 2235; x_wconf 94' lang='lat' dir='ltr'><strong>e</strong></span> <span class='ocrx_word' id='word_1_146' title='bbox 1057 2170 1311 2257; x_wconf 87' lang='lat' dir='ltr'><strong>tranquillitatis,</strong></span> 
     </span>
     <span class='ocr_line' id='line_1_19' title="bbox 7 2269 1312 2359; baseline 0.001 -24"><span class='ocrx_word' id='word_1_147' title='bbox 7 2296 9 2357; x_wconf 59' lang='lat' dir='ltr'><strong>t</strong></span> <span class='ocrx_word' id='word_1_148' title='bbox 72 2271 121 2335; x_wconf 90' lang='lat' dir='ltr'><strong>sed</strong></span> <span class='ocrx_word' id='word_1_149' title='bbox 154 2293 244 2335; x_wconf 89' lang='lat' dir='ltr'><strong>arma</strong></span> <span class='ocrx_word' id='word_1_150' title='bbox 273 2282 383 2334; x_wconf 87' lang='lat' dir='ltr'><strong>nostra</strong></span> <span class='ocrx_word' id='word_1_151' title='bbox 409 2269 581 2335; x_wconf 87' lang='lat' dir='ltr'><strong>differendi</strong></span> <span class='ocrx_word' id='word_1_152' title='bbox 604 2270 711 2335; x_wconf 90' lang='lat' dir='ltr'><strong>studio</strong></span> <span class='ocrx_word' id='word_1_153' title='bbox 734 2283 933 2359; x_wconf 82' lang='lat' dir='ltr'><strong>prognatam,</strong></span> <span class='ocrx_word' id='word_1_154' title='bbox 956 2284 1126 2359; x_wconf 91' lang='lat' dir='ltr'><strong>postquam</strong></span> <span class='ocrx_word' id='word_1_155' title='bbox 1151 2285 1312 2359; x_wconf 86' lang='lat' dir='ltr'><strong>appareat,</strong></span> 
     </span>
     <span class='ocr_line' id='line_1_20' title="bbox 7 2370 1312 2459; baseline 0.004 -26"><span class='ocrx_word' id='word_1_156' title='bbox 7 2418 9 2459; x_wconf 59' lang='lat'><strong>,</strong></span> <span class='ocrx_word' id='word_1_157' title='bbox 73 2370 219 2437; x_wconf 72' lang='lat' dir='ltr'><strong>vindictae</strong></span> <span class='ocrx_word' id='word_1_158' title='bbox 249 2370 435 2457; x_wconf 88' lang='lat' dir='ltr'><strong>cupidinem</strong></span> <span class='ocrx_word' id='word_1_159' title='bbox 461 2371 495 2435; x_wconf 94' lang='lat' dir='ltr'><strong>in</strong></span> <span class='ocrx_word' id='word_1_160' title='bbox 519 2385 644 2437; x_wconf 90' lang='lat' dir='ltr'><strong>tantum</strong></span> <span class='ocrx_word' id='word_1_161' title='bbox 665 2371 833 2450; x_wconf 85' lang='lat' dir='ltr'><strong>exarsisse,</strong></span> <span class='ocrx_word' id='word_1_162' title='bbox 856 2385 892 2436; x_wconf 91' lang='lat' dir='ltr'><strong>ut</strong></span> <span class='ocrx_word' id='word_1_163' title='bbox 914 2372 994 2439; x_wconf 90' lang='lat' dir='ltr'><strong>fides</strong></span> <span class='ocrx_word' id='word_1_164' title='bbox 1016 2372 1157 2458; x_wconf 89' lang='lat' dir='ltr'><strong>publica,</strong></span> <span class='ocrx_word' id='word_1_165' title='bbox 1180 2374 1312 2439; x_wconf 88' lang='lat' dir='ltr'><strong>unicum</strong></span> 
     </span>
     <span class='ocr_line' id='line_1_21' title="bbox 7 2468 1248 2561; baseline 0.001 -25"><span class='ocrx_word' id='word_1_166' title='bbox 7 2468 8 2529; x_wconf 74' lang='grc' dir='ltr'>Ϊ</span> <span class='ocrx_word' id='word_1_167' title='bbox 72 2473 257 2537; x_wconf 86' lang='lat' dir='ltr'><strong>societatum</strong></span> <span class='ocrx_word' id='word_1_168' title='bbox 281 2471 494 2537; x_wconf 88' lang='lat' dir='ltr'><strong>humanarum</strong></span> <span class='ocrx_word' id='word_1_169' title='bbox 516 2471 694 2549; x_wconf 90' lang='lat' dir='ltr'><strong>vinculum,</strong></span> <span class='ocrx_word' id='word_1_170' title='bbox 716 2485 750 2537; x_wconf 92' lang='lat' dir='ltr'><strong>et</strong></span> <span class='ocrx_word' id='word_1_171' title='bbox 767 2473 842 2557; x_wconf 90' lang='lat' dir='ltr'><strong>jura</strong></span> <span class='ocrx_word' id='word_1_172' title='bbox 863 2473 1009 2560; x_wconf 87' lang='lat' dir='ltr'><strong>gentium</strong></span> <span class='ocrx_word' id='word_1_173' title='bbox 1032 2474 1248 2561; x_wconf 84' lang='lat' dir='ltr'><strong>negligantur.</strong></span> 
     </span>
    </p>

    <p class='ocr_par' dir='ltr' id='par_1_4' title="bbox 7 2572 1312 2663">
     <span class='ocr_line' id='line_1_22' title="bbox 7 2572 1312 2663; baseline 0.001 -26"><span class='ocrx_word' id='word_1_174' title='bbox 7 2658 8 2663; x_wconf 8' lang='grc' dir='ltr'>ἵ</span> <span class='ocrx_word' id='word_1_175' title='bbox 149 2574 219 2637; x_wconf 80' lang='lat' dir='ltr'><strong>Nos</strong></span> <span class='ocrx_word' id='word_1_176' title='bbox 252 2595 329 2636; x_wconf 88' lang='lat' dir='ltr'><strong>vero</strong></span> <span class='ocrx_word' id='word_1_177' title='bbox 361 2595 448 2636; x_wconf 92' lang='lat' dir='ltr'><strong>nunc</strong></span> <span class='ocrx_word' id='word_1_178' title='bbox 480 2573 612 2637; x_wconf 90' lang='lat' dir='ltr'><strong>demum</strong></span> <span class='ocrx_word' id='word_1_179' title='bbox 645 2586 744 2659; x_wconf 90' lang='lat' dir='ltr'><strong>patet,</strong></span> <span class='ocrx_word' id='word_1_180' title='bbox 778 2572 860 2637; x_wconf 90' lang='lat' dir='ltr'><strong>nihil</strong></span> <span class='ocrx_word' id='word_1_181' title='bbox 895 2574 948 2638; x_wconf 91' lang='lat' dir='ltr'><strong>vel</strong></span> <span class='ocrx_word' id='word_1_182' title='bbox 973 2574 1090 2639; x_wconf 87' lang='lat' dir='ltr'><strong>fecisse</strong></span> <span class='ocrx_word' id='word_1_183' title='bbox 1114 2574 1237 2659; x_wconf 91' lang='lat' dir='ltr'><strong>justius</strong></span> <span class='ocrx_word' id='word_1_184' title='bbox 1260 2575 1312 2639; x_wconf 90' lang='lat' dir='ltr'><strong>vel</strong></span> 
     </span>
    </p>

    <p class='ocr_par' dir='ltr' id='par_1_5' title="bbox 72 2672 1313 3668">
     <span class='ocr_line' id='line_1_23' title="bbox 72 2672 1311 2760; baseline 0.002 -23"><span class='ocrx_word' id='word_1_185' title='bbox 72 2675 202 2752; x_wconf 89' lang='lat' dir='ltr'><strong>cautius,</strong></span> <span class='ocrx_word' id='word_1_186' title='bbox 227 2697 323 2760; x_wconf 89' lang='lat' dir='ltr'><strong>quam</strong></span> <span class='ocrx_word' id='word_1_187' title='bbox 346 2675 432 2760; x_wconf 88' lang='lat' dir='ltr'><strong>quod</strong></span> <span class='ocrx_word' id='word_1_188' title='bbox 455 2672 645 2739; x_wconf 87' lang='lat' dir='ltr'><strong>tractatibus</strong></span> <span class='ocrx_word' id='word_1_189' title='bbox 668 2672 834 2760; x_wconf 91' lang='lat' dir='ltr'><strong>hucusque</strong></span> <span class='ocrx_word' id='word_1_190' title='bbox 858 2674 982 2739; x_wconf 86' lang='lat' dir='ltr'><strong>usitatis</strong></span> <span class='ocrx_word' id='word_1_191' title='bbox 998 2675 1095 2740; x_wconf 90' lang='lat' dir='ltr'><strong>diffisi</strong></span> <span class='ocrx_word' id='word_1_192' title='bbox 1112 2675 1220 2753; x_wconf 90' lang='lat' dir='ltr'><strong>simus,</strong></span> <span class='ocrx_word' id='word_1_193' title='bbox 1237 2699 1311 2747; x_wconf 89' lang='lat' dir='ltr'><strong>cum</strong></span> 
     </span>
     <span class='ocr_line' id='line_1_24' title="bbox 73 2773 1313 2863; baseline 0.001 -25"><span class='ocrx_word' id='word_1_194' title='bbox 73 2774 108 2840; x_wconf 93' lang='lat' dir='ltr'><strong>ob</strong></span> <span class='ocrx_word' id='word_1_195' title='bbox 127 2776 250 2840; x_wconf 89' lang='lat' dir='ltr'><strong>nudam</strong></span> <span class='ocrx_word' id='word_1_196' title='bbox 275 2773 473 2860; x_wconf 88' lang='lat' dir='ltr'><strong>privatorum</strong></span> <span class='ocrx_word' id='word_1_197' title='bbox 495 2773 663 2838; x_wconf 90' lang='lat' dir='ltr'><strong>hominum</strong></span> <span class='ocrx_word' id='word_1_198' title='bbox 686 2773 912 2851; x_wconf 88' lang='lat' dir='ltr'><strong>calamitatem,</strong></span> <span class='ocrx_word' id='word_1_199' title='bbox 936 2775 1107 2863; x_wconf 86' lang='lat' dir='ltr'><strong>indignum</strong></span> <span class='ocrx_word' id='word_1_200' title='bbox 1129 2789 1216 2840; x_wconf 87' lang='lat' dir='ltr'><strong>certe</strong></span> <span class='ocrx_word' id='word_1_201' title='bbox 1237 2799 1313 2862; x_wconf 88' lang='lat' dir='ltr'><strong>prae·</strong></span> 
     </span>
     <span class='ocr_line' id='line_1_25' title="bbox 72 2873 1312 2962; baseline -0.001 -22"><span class='ocrx_word' id='word_1_202' title='bbox 72 2875 178 2952; x_wconf 85' lang='lat' dir='ltr'><strong>mium,</strong></span> <span class='ocrx_word' id='word_1_203' title='bbox 213 2873 442 2962; x_wconf 72' lang='lat' dir='ltr'><strong>Reipubssicae]</strong></span> <span class='ocrx_word' id='word_1_204' title='bbox 474 2874 553 2939; x_wconf 87' lang='lat' dir='ltr'><strong>fides</strong></span> <span class='ocrx_word' id='word_1_205' title='bbox 585 2873 727 2939; x_wconf 85' lang='lat' dir='ltr'><strong>vacillet.</strong></span> <span class='ocrx_word' id='word_1_206' title='bbox 780 2875 812 2939; x_wconf 92' lang='lat' dir='ltr'><strong>Si</strong></span> <span class='ocrx_word' id='word_1_207' title='bbox 840 2875 1012 2961; x_wconf 90' lang='lat' dir='ltr'><strong>displicent</strong></span> <span class='ocrx_word' id='word_1_208' title='bbox 1039 2890 1192 2941; x_wconf 88' lang='lat' dir='ltr'><strong>tractatus</strong></span> <span class='ocrx_word' id='word_1_209' title='bbox 1215 2876 1312 2962; x_wconf 90' lang='lat' dir='ltr'><strong>pacis,</strong></span> 
     </span>
     <span class='ocr_line' id='line_1_26' title="bbox 73 2975 1312 3065; baseline 0.002 -26"><span class='ocrx_word' id='word_1_210' title='bbox 73 2976 272 3064; x_wconf 83' lang='lat' dir='ltr'><strong>significetur</strong></span> <span class='ocrx_word' id='word_1_211' title='bbox 306 2976 339 3042; x_wconf 91' lang='lat' dir='ltr'><strong>id</strong></span> <span class='ocrx_word' id='word_1_212' title='bbox 378 2976 481 3053; x_wconf 91' lang='lat' dir='ltr'><strong>nobis,</strong></span> <span class='ocrx_word' id='word_1_213' title='bbox 518 2989 551 3039; x_wconf 91' lang='lat' dir='ltr'><strong>et</strong></span> <span class='ocrx_word' id='word_1_214' title='bbox 587 2975 819 3040; x_wconf 87' lang='lat' dir='ltr'><strong>abstinebimus</strong></span> <span class='ocrx_word' id='word_1_215' title='bbox 852 2976 1016 3040; x_wconf 90' lang='lat' dir='ltr'><strong>literarum</strong></span> <span class='ocrx_word' id='word_1_216' title='bbox 1048 2976 1312 3065; x_wconf 84' lang='lat' dir='ltr'><strong>legationumque</strong></span> 
     </span>
     <span class='ocr_line' id='line_1_27' title="bbox 73 3075 1312 3164; baseline 0.002 -24"><span class='ocrx_word' id='word_1_217' title='bbox 73 3077 277 3155; x_wconf 88' lang='lat' dir='ltr'><strong>commercio;</strong></span> <span class='ocrx_word' id='word_1_218' title='bbox 300 3077 348 3141; x_wconf 90' lang='lat' dir='ltr'><strong>sin</strong></span> <span class='ocrx_word' id='word_1_219' title='bbox 371 3077 510 3164; x_wconf 89' lang='lat' dir='ltr'><strong>placent,</strong></span> <span class='ocrx_word' id='word_1_220' title='bbox 534 3088 647 3163; x_wconf 88' lang='lat' dir='ltr'><strong>agatur</strong></span> <span class='ocrx_word' id='word_1_221' title='bbox 668 3075 836 3141; x_wconf 89' lang='lat' dir='ltr'><strong>nobiscum</strong></span> <span class='ocrx_word' id='word_1_222' title='bbox 860 3100 902 3141; x_wconf 82' lang='lat' dir='ltr'><strong>ex</strong></span> <span class='ocrx_word' id='word_1_223' title='bbox 924 3077 996 3142; x_wconf 88' lang='lat' dir='ltr'><strong>fide.</strong></span> <span class='ocrx_word' id='word_1_224' title='bbox 1038 3078 1199 3142; x_wconf 88' lang='lat' dir='ltr'><strong>Neutrum</strong></span> <span class='ocrx_word' id='word_1_225' title='bbox 1215 3078 1312 3142; x_wconf 89' lang='lat' dir='ltr'><strong>reice·</strong></span> 
     </span>
     <span class='ocr_line' id='line_1_28' title="bbox 72 3177 1313 3257; baseline 0.001 -17"><span class='ocrx_word' id='word_1_226' title='bbox 72 3189 136 3241; x_wconf 89' lang='lat' dir='ltr'><strong>tura</strong></span> <span class='ocrx_word' id='word_1_227' title='bbox 160 3178 193 3242; x_wconf 90' lang='lat' dir='ltr'><strong>S.</strong></span> <span class='ocrx_word' id='word_1_228' title='bbox 217 3179 254 3242; x_wconf 87' lang='lat' dir='ltr'><strong>R.</strong></span> <span class='ocrx_word' id='word_1_229' title='bbox 279 3177 373 3241; x_wconf 90' lang='lat' dir='ltr'><strong>M:tas</strong></span> <span class='ocrx_word' id='word_1_230' title='bbox 395 3177 543 3242; x_wconf 88' lang='lat' dir='ltr'><strong>dominus</strong></span> <span class='ocrx_word' id='word_1_231' title='bbox 567 3199 658 3241; x_wconf 90' lang='lat' dir='ltr'><strong>meus</strong></span> <span class='ocrx_word' id='word_1_232' title='bbox 680 3177 950 3241; x_wconf 90' lang='lat' dir='ltr'><strong>clementissimus</strong></span> <span class='ocrx_word' id='word_1_233' title='bbox 973 3191 1035 3257; x_wconf 87' lang='lat' dir='ltr'><strong>est;</strong></span> <span class='ocrx_word' id='word_1_234' title='bbox 1060 3200 1145 3242; x_wconf 88' lang='lat' dir='ltr'><strong>arma</strong></span> <span class='ocrx_word' id='word_1_235' title='bbox 1167 3179 1252 3242; x_wconf 91' lang='lat' dir='ltr'><strong>enim</strong></span> <span class='ocrx_word' id='word_1_236' title='bbox 1276 3191 1313 3242; x_wconf 88' lang='lat' dir='ltr'><strong>ut</strong></span> 
     </span>
     <span class='ocr_line' id='line_1_29' title="bbox 72 3277 1310 3365; baseline 0.002 -24"><span class='ocrx_word' id='word_1_237' title='bbox 72 3280 258 3344; x_wconf 88' lang='lat' dir='ltr'><strong>necessitate</strong></span> <span class='ocrx_word' id='word_1_238' title='bbox 281 3289 411 3343; x_wconf 90' lang='lat' dir='ltr'><strong>coactus</strong></span> <span class='ocrx_word' id='word_1_239' title='bbox 433 3279 571 3365; x_wconf 90' lang='lat' dir='ltr'><strong>sumpsit</strong></span> <span class='ocrx_word' id='word_1_240' title='bbox 592 3277 643 3342; x_wconf 88' lang='lat' dir='ltr'><strong>sui</strong></span> <span class='ocrx_word' id='word_1_241' title='bbox 664 3278 776 3343; x_wconf 87' lang='lat' dir='ltr'><strong>tuendi</strong></span> <span class='ocrx_word' id='word_1_242' title='bbox 799 3290 833 3342; x_wconf 88' lang='lat' dir='ltr'><strong>st</strong></span> <span class='ocrx_word' id='word_1_243' title='bbox 853 3278 893 3343; x_wconf 92' lang='lat' dir='ltr'><strong>ad</strong></span> <span class='ocrx_word' id='word_1_244' title='bbox 912 3279 1038 3364; x_wconf 88' lang='lat' dir='ltr'><strong>justum</strong></span> <span class='ocrx_word' id='word_1_245' title='bbox 1054 3292 1226 3344; x_wconf 86' lang='lat' dir='ltr'><strong>tractatum</strong></span> <span class='ocrx_word' id='word_1_246' title='bbox 1244 3303 1310 3365; x_wconf 89' lang='lat' dir='ltr'><strong>per·</strong></span> 
     </span>
     <span class='ocr_line' id='line_1_30' title="bbox 73 3378 1312 3466; baseline 0.005 -27"><span class='ocrx_word' id='word_1_247' title='bbox 73 3379 220 3445; x_wconf 86' lang='lat' dir='ltr'><strong>veniendi</strong></span> <span class='ocrx_word' id='word_1_248' title='bbox 253 3402 358 3456; x_wconf 74' lang='lat' dir='ltr'><strong>causa,</strong></span> <span class='ocrx_word' id='word_1_249' title='bbox 391 3379 438 3443; x_wconf 89' lang='lat' dir='ltr'><strong>ita</strong></span> <span class='ocrx_word' id='word_1_250' title='bbox 466 3378 548 3443; x_wconf 89' lang='lat' dir='ltr'><strong>nihil</strong></span> <span class='ocrx_word' id='word_1_251' title='bbox 575 3391 710 3465; x_wconf 84' lang='lat' dir='ltr'><strong>exoptat</strong></span> <span class='ocrx_word' id='word_1_252' title='bbox 732 3380 844 3465; x_wconf 87' lang='lat' dir='ltr'><strong>magis,</strong></span> <span class='ocrx_word' id='word_1_253' title='bbox 868 3402 963 3464; x_wconf 89' lang='lat' dir='ltr'><strong>quam</strong></span> <span class='ocrx_word' id='word_1_254' title='bbox 986 3401 1024 3443; x_wconf 91' lang='lat' dir='ltr'><strong>eo</strong></span> <span class='ocrx_word' id='word_1_255' title='bbox 1047 3380 1197 3444; x_wconf 87' lang='lat' dir='ltr'><strong>inclinari</strong></span> <span class='ocrx_word' id='word_1_256' title='bbox 1218 3402 1312 3466; x_wconf 86' lang='lat' dir='ltr'><strong>posse</strong></span> 
     </span>
     <span class='ocr_line' id='line_1_31' title="bbox 73 3479 1312 3567; baseline 0 -23"><span class='ocrx_word' id='word_1_257' title='bbox 73 3480 190 3546; x_wconf 86' lang='lat' dir='ltr'><strong>animos</strong></span> <span class='ocrx_word' id='word_1_258' title='bbox 214 3479 412 3557; x_wconf 86' lang='lat' dir='ltr'><strong>vestratium,</strong></span> <span class='ocrx_word' id='word_1_259' title='bbox 435 3492 473 3543; x_wconf 90' lang='lat' dir='ltr'><strong>ut</strong></span> <span class='ocrx_word' id='word_1_260' title='bbox 493 3480 709 3564; x_wconf 88' lang='lat' dir='ltr'><strong>tranquillitas</strong></span> <span class='ocrx_word' id='word_1_261' title='bbox 731 3480 846 3544; x_wconf 89' lang='lat' dir='ltr'><strong>horum</strong></span> <span class='ocrx_word' id='word_1_262' title='bbox 869 3502 1040 3567; x_wconf 87' lang='lat' dir='ltr'><strong>regnorum</strong></span> <span class='ocrx_word' id='word_1_263' title='bbox 1058 3482 1147 3566; x_wconf 87' lang='lat' dir='ltr'><strong>justa</strong></span> <span class='ocrx_word' id='word_1_264' title='bbox 1167 3480 1312 3545; x_wconf 89' lang='lat' dir='ltr'><strong>minime·</strong></span> 
     </span>
     <span class='ocr_line' id='line_1_32' title="bbox 73 3579 564 3668; baseline -0.004 -23"><span class='ocrx_word' id='word_1_265' title='bbox 73 3604 129 3666; x_wconf 85' lang='lat' dir='ltr'><strong>que</strong></span> <span class='ocrx_word' id='word_1_266' title='bbox 149 3581 252 3647; x_wconf 90' lang='lat' dir='ltr'><strong>dubia</strong></span> <span class='ocrx_word' id='word_1_267' title='bbox 274 3604 353 3668; x_wconf 87' lang='lat' dir='ltr'><strong>pace</strong></span> <span class='ocrx_word' id='word_1_268' title='bbox 376 3579 564 3645; x_wconf 88' lang='lat' dir='ltr'><strong>efflorescat.</strong></span> 
     </span>
    </p>

    <p class='ocr_par' dir='ltr' id='par_1_6' title="bbox 73 3680 1312 4475">
     <span class='ocr_line' id='line_1_33' title="bbox 149 3680 1312 3770; baseline 0 -23"><span class='ocrx_word' id='word_1_269' title='bbox 149 3683 230 3748; x_wconf 77' lang='lat' dir='ltr'><strong>Haec</strong></span> <span class='ocrx_word' id='word_1_270' title='bbox 252 3682 358 3747; x_wconf 87' lang='lat' dir='ltr'><strong>celare</strong></span> <span class='ocrx_word' id='word_1_271' title='bbox 380 3680 500 3746; x_wconf 89' lang='lat' dir='ltr'><strong>Ill:tem</strong></span> <span class='ocrx_word' id='word_1_272' title='bbox 524 3693 662 3747; x_wconf 90' lang='lat' dir='ltr'><strong>vestram</strong></span> <span class='ocrx_word' id='word_1_273' title='bbox 683 3681 784 3757; x_wconf 93' lang='lat' dir='ltr'><strong>nolui,</strong></span> <span class='ocrx_word' id='word_1_274' title='bbox 808 3694 877 3747; x_wconf 92' lang='lat' dir='ltr'><strong>tum</strong></span> <span class='ocrx_word' id='word_1_275' title='bbox 900 3683 986 3768; x_wconf 89' lang='lat' dir='ltr'><strong>quod</strong></span> <span class='ocrx_word' id='word_1_276' title='bbox 1009 3683 1150 3747; x_wconf 90' lang='lat' dir='ltr'><strong>studium</strong></span> <span class='ocrx_word' id='word_1_277' title='bbox 1174 3681 1263 3770; x_wconf 90' lang='lat' dir='ltr'><strong>pacis</strong></span> <span class='ocrx_word' id='word_1_278' title='bbox 1279 3695 1312 3747; x_wconf 89' lang='lat' dir='ltr'><strong>et</strong></span> 
     </span>
     <span class='ocr_line' id='line_1_34' title="bbox 73 3781 1312 3869; baseline 0.002 -24"><span class='ocrx_word' id='word_1_279' title='bbox 73 3783 186 3849; x_wconf 88' lang='lat' dir='ltr'><strong>candor</strong></span> <span class='ocrx_word' id='word_1_280' title='bbox 220 3796 326 3849; x_wconf 87' lang='lat' dir='ltr'><strong>vester</strong></span> <span class='ocrx_word' id='word_1_281' title='bbox 360 3781 439 3847; x_wconf 89' lang='lat' dir='ltr'><strong>mihi</strong></span> <span class='ocrx_word' id='word_1_282' title='bbox 467 3794 629 3869; x_wconf 89' lang='lat' dir='ltr'><strong>spectatus</strong></span> <span class='ocrx_word' id='word_1_283' title='bbox 656 3781 708 3859; x_wconf 91' lang='lat' dir='ltr'><strong>sit,</strong></span> <span class='ocrx_word' id='word_1_284' title='bbox 731 3795 800 3847; x_wconf 90' lang='lat' dir='ltr'><strong>tum</strong></span> <span class='ocrx_word' id='word_1_285' title='bbox 823 3784 909 3868; x_wconf 91' lang='lat' dir='ltr'><strong>quod</strong></span> <span class='ocrx_word' id='word_1_286' title='bbox 932 3784 1085 3859; x_wconf 90' lang='lat' dir='ltr'><strong>nesciam,</strong></span> <span class='ocrx_word' id='word_1_287' title='bbox 1108 3784 1183 3869; x_wconf 90' lang='lat' dir='ltr'><strong>quid</strong></span> <span class='ocrx_word' id='word_1_288' title='bbox 1206 3782 1312 3847; x_wconf 82' lang='lat' dir='ltr'><strong>caeteri</strong></span> 
     </span>
     <span class='ocr_line' id='line_1_35' title="bbox 73 3882 1310 3969; baseline 0.002 -23"><span class='ocrx_word' id='word_1_289' title='bbox 73 3883 184 3948; x_wconf 85' lang='lat' dir='ltr'><strong>facturi</strong></span> <span class='ocrx_word' id='word_1_290' title='bbox 211 3885 285 3963; x_wconf 88' lang='lat' dir='ltr'><strong>sint,</strong></span> <span class='ocrx_word' id='word_1_291' title='bbox 312 3897 400 3948; x_wconf 88' lang='lat' dir='ltr'><strong>certa</strong></span> <span class='ocrx_word' id='word_1_292' title='bbox 426 3906 483 3969; x_wconf 87' lang='lat' dir='ltr'><strong>spe</strong></span> <span class='ocrx_word' id='word_1_293' title='bbox 504 3882 626 3948; x_wconf 92' lang='lat' dir='ltr'><strong>Ill:tem</strong></span> <span class='ocrx_word' id='word_1_294' title='bbox 648 3897 787 3948; x_wconf 90' lang='lat' dir='ltr'><strong>vestram</strong></span> <span class='ocrx_word' id='word_1_295' title='bbox 809 3883 844 3948; x_wconf 85' lang='lat' dir='ltr'><strong>id</strong></span> <span class='ocrx_word' id='word_1_296' title='bbox 866 3884 1035 3949; x_wconf 85' lang='lat' dir='ltr'><strong>enixuram</strong></span> <span class='ocrx_word' id='word_1_297' title='bbox 1058 3897 1091 3948; x_wconf 91' lang='lat' dir='ltr'><strong>et</strong></span> <span class='ocrx_word' id='word_1_298' title='bbox 1112 3884 1310 3959; x_wconf 76' lang='lat' dir='ltr'><strong>effecturam,</strong></span> 
     </span>
     <span class='ocr_line' id='line_1_36' title="bbox 74 3983 1311 4072; baseline 0.003 -27"><span class='ocrx_word' id='word_1_299' title='bbox 74 3997 106 4046; x_wconf 89' lang='lat' dir='ltr'><strong>nt</strong></span> <span class='ocrx_word' id='word_1_300' title='bbox 135 3984 343 4072; x_wconf 89' lang='lat' dir='ltr'><strong>subdelegati</strong></span> <span class='ocrx_word' id='word_1_301' title='bbox 373 3984 448 4062; x_wconf 89' lang='lat' dir='ltr'><strong>mei,</strong></span> <span class='ocrx_word' id='word_1_302' title='bbox 475 4006 649 4070; x_wconf 86' lang='lat' dir='ltr'><strong>generosus</strong></span> <span class='ocrx_word' id='word_1_303' title='bbox 673 3997 706 4048; x_wconf 91' lang='lat' dir='ltr'><strong>et</strong></span> <span class='ocrx_word' id='word_1_304' title='bbox 727 3986 895 4051; x_wconf 87' lang='lat' dir='ltr'><strong>consultus</strong></span> <span class='ocrx_word' id='word_1_305' title='bbox 917 3984 1059 4049; x_wconf 86' lang='lat' dir='ltr'><strong>Arvidns</strong></span> <span class='ocrx_word' id='word_1_306' title='bbox 1082 3983 1182 4061; x_wconf 87' lang='lat' dir='ltr'><strong>Horn,</strong></span> <span class='ocrx_word' id='word_1_307' title='bbox 1204 3983 1311 4049; x_wconf 91' lang='lat' dir='ltr'><strong>locum</strong></span> 
     </span>
     <span class='ocr_line' id='line_1_37' title="bbox 73 4082 1310 4164; baseline 0 -17"><span class='ocrx_word' id='word_1_308' title='bbox 73 4094 179 4149; x_wconf 74' lang='lat' dir='ltr'><strong>terem</strong></span> <span class='ocrx_word' id='word_1_309' title='bbox 213 4085 336 4150; x_wconf 89' lang='lat' dir='ltr'><strong>tribuni</strong></span> <span class='ocrx_word' id='word_1_310' title='bbox 369 4084 510 4148; x_wconf 88' lang='lat' dir='ltr'><strong>militum</strong></span> <span class='ocrx_word' id='word_1_311' title='bbox 544 4084 753 4164; x_wconf 87' lang='lat' dir='ltr'><strong>Careliorum,</strong></span> <span class='ocrx_word' id='word_1_312' title='bbox 782 4098 815 4151; x_wconf 89' lang='lat' dir='ltr'><strong>et</strong></span> <span class='ocrx_word' id='word_1_313' title='bbox 842 4086 953 4150; x_wconf 91' lang='lat' dir='ltr'><strong>doctor</strong></span> <span class='ocrx_word' id='word_1_314' title='bbox 979 4083 1146 4148; x_wconf 68' lang='lat' dir='ltr'><strong>«lohannes</strong></span> <span class='ocrx_word' id='word_1_315' title='bbox 1174 4082 1310 4159; x_wconf 81' lang='lat' dir='ltr'><strong>Salvius,</strong></span> 
     </span>
     <span class='ocr_line' id='line_1_38' title="bbox 73 4182 1311 4262; baseline 0 -15"><span class='ocrx_word' id='word_1_316' title='bbox 73 4182 101 4247; x_wconf 86' lang='lat' dir='ltr'><strong>S.</strong></span> <span class='ocrx_word' id='word_1_317' title='bbox 121 4186 158 4251; x_wconf 88' lang='lat' dir='ltr'><strong>R.</strong></span> <span class='ocrx_word' id='word_1_318' title='bbox 183 4186 271 4250; x_wconf 77' lang='lat' dir='ltr'><strong>Mais</strong></span> <span class='ocrx_word' id='word_1_319' title='bbox 294 4186 496 4262; x_wconf 89' lang='lat' dir='ltr'><strong>secretarius,</strong></span> <span class='ocrx_word' id='word_1_320' title='bbox 519 4208 583 4249; x_wconf 86' lang='lat' dir='ltr'><strong>suae</strong></span> <span class='ocrx_word' id='word_1_321' title='bbox 605 4186 746 4251; x_wconf 88' lang='lat' dir='ltr'><strong>libertati</strong></span> <span class='ocrx_word' id='word_1_322' title='bbox 771 4196 803 4250; x_wconf 92' lang='lat' dir='ltr'><strong>et</strong></span> <span class='ocrx_word' id='word_1_323' title='bbox 824 4184 927 4261; x_wconf 90' lang='lat' dir='ltr'><strong>nobis,</strong></span> <span class='ocrx_word' id='word_1_324' title='bbox 950 4183 1086 4249; x_wconf 89' lang='lat' dir='ltr'><strong>redditis</strong></span> <span class='ocrx_word' id='word_1_325' title='bbox 1108 4183 1204 4247; x_wconf 91' lang='lat' dir='ltr'><strong>rebus</strong></span> <span class='ocrx_word' id='word_1_326' title='bbox 1226 4183 1311 4248; x_wconf 91' lang='lat' dir='ltr'><strong>abla·</strong></span> 
     </span>
     <span class='ocr_line' id='line_1_39' title="bbox 74 4283 1311 4372; baseline 0.002 -24"><span class='ocrx_word' id='word_1_327' title='bbox 74 4283 120 4363; x_wconf 89' lang='lat' dir='ltr'><strong>tis,</strong></span> <span class='ocrx_word' id='word_1_328' title='bbox 152 4287 345 4372; x_wconf 90' lang='lat' dir='ltr'><strong>quantocius</strong></span> <span class='ocrx_word' id='word_1_329' title='bbox 377 4285 596 4351; x_wconf 87' lang='lat' dir='ltr'><strong>restituantur.</strong></span> <span class='ocrx_word' id='word_1_330' title='bbox 652 4285 795 4351; x_wconf 86' lang='lat' dir='ltr'><strong>Habebit</strong></span> <span class='ocrx_word' id='word_1_331' title='bbox 827 4283 860 4348; x_wconf 93' lang='lat' dir='ltr'><strong>id</strong></span> <span class='ocrx_word' id='word_1_332' title='bbox 890 4284 1065 4369; x_wconf 89' lang='lat' dir='ltr'><strong>plurimum</strong></span> <span class='ocrx_word' id='word_1_333' title='bbox 1093 4284 1249 4349; x_wconf 89' lang='lat' dir='ltr'><strong>momenti</strong></span> <span class='ocrx_word' id='word_1_334' title='bbox 1272 4284 1311 4350; x_wconf 88' lang='lat' dir='ltr'><strong>ad</strong></span> 
     </span>
     <span class='ocr_line' id='line_1_40' title="bbox 75 4384 1312 4475; baseline -0.002 -24"><span class='ocrx_word' id='word_1_335' title='bbox 75 4387 305 4469; x_wconf 87' lang='lat' dir='ltr'><strong>procurandum</strong></span> <span class='ocrx_word' id='word_1_336' title='bbox 339 4387 512 4475; x_wconf 89' lang='lat' dir='ltr'><strong>negocium</strong></span> <span class='ocrx_word' id='word_1_337' title='bbox 544 4387 642 4473; x_wconf 85' lang='lat' dir='ltr'><strong>pacis,</strong></span> <span class='ocrx_word' id='word_1_338' title='bbox 676 4386 910 4472; x_wconf 81' lang='lat' dir='ltr'><strong>test-abiturque</strong></span> <span class='ocrx_word' id='word_1_339' title='bbox 943 4385 1043 4450; x_wconf 88' lang='lat' dir='ltr'><strong>Ill:tas</strong></span> <span class='ocrx_word' id='word_1_340' title='bbox 1073 4400 1179 4451; x_wconf 88' lang='lat' dir='ltr'><strong>vestra</strong></span> <span class='ocrx_word' id='word_1_341' title='bbox 1201 4384 1312 4471; x_wconf 87' lang='lat' dir='ltr'><strong>displi-</strong></span> 
     </span>
    </p>
   </div>
   <div class='ocr_carea' id='block_1_3' title="bbox 153 4607 456 4670">
    <p class='ocr_par' dir='ltr' id='par_1_7' title="bbox 153 4607 456 4670">
     <span class='ocr_line' id='line_1_41' title="bbox 153 4607 456 4670; baseline -0.007 -9"><span class='ocrx_word' id='word_1_342' title='bbox 153 4607 174 4670; x_wconf 77' lang='grc' dir='ltr'><strong>ι&gt;</strong></span> <span class='ocrx_word' id='word_1_343' title='bbox 192 4611 225 4661; x_wconf 77' lang='lat' dir='ltr'><strong>Se</strong></span> <span class='ocrx_word' id='word_1_344' title='bbox 244 4611 329 4660; x_wconf 78' lang='lat' dir='ltr'><strong>alvan</strong></span> <span class='ocrx_word' id='word_1_345' title='bbox 346 4610 397 4660; x_wconf 70' lang='lat' dir='ltr'><strong>tito</strong></span> <span class='ocrx_word' id='word_1_346' title='bbox 416 4614 456 4660; x_wconf 75' lang='lat'><strong>92.</strong></span> 
     </span>
    </p>
   </div>
   <div class='ocr_carea' id='block_1_4' title="bbox 0 0 1613 5348">
    <p class='ocr_par' dir='ltr' id='par_1_8' title="bbox 0 0 1613 5348">
     <span class='ocr_line' id='line_1_42' title="bbox 0 0 1613 5348; baseline 0 0"><span class='ocrx_word' id='word_1_347' title='bbox 0 0 1613 5348; x_wconf 95' lang='lat' dir='ltr'><strong> </strong></span> 
     </span>
    </p>
   </div>
  </div>
 </body>
</html>
