3244 5334
14 732 15 767 1
94 704 164 759 129.
210 702 280 757 affl
300 702 469 758 Gotthard
490 700 651 768 waning,
672 694 853 758 adanam
874 702 888 756 i
909 700 1006 769 arga

867 803 1021 859 wolmar
1043 802 1076 857 d„
1100 805 1120 857 2
1143 803 1225 859 Dec.
1249 805 1342 859 102⁶.

96 1003 247 1067 Angdende
267 1003 336 1051 bans
353 1000 460 1050 barban
479 1015 522 1049 orn
542 1001 660 1064 andring
677 1004 688 1050 l
706 1001 848 1051 kansleras
866 1001 971 1064 bergen
989 1001 1034 1050 lor
1052 1001 1258 1065 Hambnrgaren
1278 1002 1344 1050 Her

183 1101 247 1135 rnan
267 1086 438 1141 Zandersem
457 1085 602 1135 kanslerns
620 1084 751 1147 mtssnbje
770 1085 832 1134 med
852 1085 957 1135 denass
976 1086 1110 1148 ternyade
1130 1085 1280 1135 haktande.

533 1214 659 1278 Nobilis
683 1214 763 1278 D:ne
786 1214 914 1278 Praetor.

183 1316 331 1381 Reddita
358 1316 437 1379 mibi
464 1330 539 1379 sunt
565 1316 663 1379 literae
685 1330 759 1391 tna,
783 1315 899 1401 quibus
924 1316 1092 1402 perscribis
1115 1329 1146 1380 te
1170 1318 1211 1380 ob
1234 1338 1343 1401 recep·

97 1434 162 1482 tam
188 1416 370 1482 cautionem
395 1439 508 1492 meam,
531 1417 637 1481 datam
661 1417 790 1480 nomine
812 1417 1002 1481 incarcerati
1025 1431 1120 1502 atque
1138 1417 1175 1481 ad
1193 1431 1342 1503 rogatum

99 1542 204 1583 meum
233 1517 357 1582 dimissi
382 1516 559 1581 Hermanni
582 1517 772 1592 Zandersen,
795 1539 851 1602 per
875 1539 925 1580 me
950 1540 1024 1581 vero
1049 1540 1066 1581 a
1088 1517 1252 1604 conceptis
1275 1539 1343 1582 ver·

98 1621 145 1683 bis
180 1618 341 1683 secretarii
373 1618 468 1682 vestri
491 1610 639 1680 nonnihil
662 1615 779 1681 flexam
803 1631 1035 1703 mutatamque,
1060 1617 1093 1681 in
1117 1641 1246 1705 gravem
1269 1641 1343 1682 con·

98 1721 286 1784 troversiam
321 1718 483 1794 incidisse,
517 1718 656 1804 ideoque
684 1741 804 1805 rogare,
833 1732 869 1781 ut
891 1718 1009 1782 dictam
1033 1719 1215 1783 cautionem
1240 1741 1342 1784 meam

98 1832 284 1885 renovatam
318 1834 351 1884 ct
384 1820 556 1906 conceptui
590 1820 751 1883 secretarii
786 1819 935 1907 Rigensis
969 1821 1209 1884 accomodatam
1243 1834 1344 1884 trans·

100 1924 237 1996 mittam,
260 1934 357 2006 teque
380 1920 467 1984 hisce
490 1920 735 1985 difficultatibus
758 1921 908 1989 eximam,
933 1920 1018 1984 sient
1037 1919 1147 1985 isthaec
1164 1921 1264 1986 literae
1280 1933 1343 1984 tuas

100 2021 230 2088 uberius
253 2022 420 2107 explicant
433 2024 468 2103 ¹).
525 2078 529 2085 .

182 2122 256 2209 Ego
281 2144 357 2186 vcro
380 2120 482 2185 multa
503 2123 536 2185 in
561 2121 621 2185 boc
645 2135 717 2185 acta
740 2143 803 2184 aon
828 2143 956 2207 possum
977 2144 1041 2184 non
1058 2120 1178 2186 mirari:
1202 2124 1342 2209 primum

97 2225 178 2288 adeo
202 2223 361 2287 oblivioni
384 2223 499 2287 tradita
522 2244 590 2286 esse
613 2245 661 2299 ea,
677 2245 747 2308 quae
763 2222 850 2308 ipsas
866 2223 1070 2286 secretarium
1086 2236 1240 2302 vestrum,
1255 2223 1343 2289 hunc

95 2325 257 2389 cautionis
292 2323 443 2409 expetitae
477 2337 669 2409 conceptam
704 2322 782 2386 mibi
818 2321 1015 2399 offerentem,
1051 2324 1229 2400 monebam,
1260 2323 1342 2388 nihil

97 2424 177 2488 mihi
205 2424 342 2499 obstare,
369 2446 434 2508 quo
462 2424 567 2487 minus
590 2424 717 2509 rogatui
740 2435 868 2487 senatus
891 2424 1118 2500 satisfacerem,
1143 2448 1201 2489 nec
1224 2425 1342 2489 habere

98 2548 158 2603 me,
192 2525 280 2612 quod
314 2526 348 2587 in
381 2526 460 2609 ipsis
487 2524 749 2589 substantialibus
770 2525 950 2601 immotam,
974 2548 1047 2589 cnm
1070 2525 1146 2589 inde
1170 2527 1343 2612 quicquam

97 2626 279 2712 praeiudicii
313 2626 413 2689 creari
447 2627 571 2691 senatui
605 2625 773 2688 civitative
808 2625 941 2712 Rigensi
975 2626 1084 2703 nolim,
1119 2640 1168 2691 ast
1194 2628 1342 2715 iniquum

97 2728 198 2792 videri
235 2739 292 2789 aut
325 2739 412 2790 certe
446 2749 543 2813 grave
575 2724 668 2797 mibi,
696 2726 819 2789 onerari
847 2748 897 2789 me
925 2727 1169 2792 condicionibus
1195 2729 1279 2794 nibil
1302 2729 1342 2795 ad

98 2828 255 2915 Rigenses
279 2827 527 2913 pcrtinentibus,
550 2827 671 2891 idcireo
694 2850 743 2889 me
767 2827 879 2912 paucis
902 2826 969 2891 haec
989 2842 1199 2908 mutaturam,
1216 2831 1342 2916 quibus,

96 2952 169 2992 cum
205 2927 287 2990 nibil
322 2928 510 2991 secretarius
543 2928 785 3003 contradiceret,
823 2941 924 3013 tuque
957 2930 1031 2994 dzne
1066 2943 1179 3014 praetor
1211 2946 1343 3018 recepta

95 3030 248 3093 cautione
283 3051 320 3092 ac
353 3029 484 3093 dimisso
518 3030 715 3093 incarcerato
749 3030 919 3093 adsensum
948 3028 1112 3116 preberes,
1135 3053 1196 3117 ego
1219 3031 1343 3097 alienus

99 3129 136 3193 ab
168 3129 357 3195 istiusmodi
392 3130 514 3193 artibus
547 3128 629 3192 nibil
659 3130 845 3214 suspicabar
867 3130 1006 3205 subesse,
1030 3130 1113 3217 qaod
1136 3154 1235 3196 novas
1258 3134 1346 3198 rixas

96 3245 264 3295 moturum
286 3243 379 3295 esset.

181 3332 312 3396 Deinde
350 3332 451 3417 magis
488 3333 585 3395 etiam
623 3332 755 3394 miratus
789 3353 869 3407 sum,
903 3330 989 3395 hunc
1023 3332 1213 3409 Zandersen‚
1247 3359 1342 3421 quem

97 3433 285 3497 interventu
322 3431 527 3519 obligationis
562 3453 639 3494 mear
673 3433 772 3497 semel
805 3450 940 3519 receprae
974 3432 1166 3498 dimiseratis
1200 3458 1342 3522 meaeque
1412 3482 1420 3498 .

96 3533 253 3618 potestati
286 3532 498 3618 reliqueratis,
534 3554 597 3594 non
624 3532 692 3596 sine
719 3532 839 3617 injuria
862 3547 1114 3621 contemptuque
1138 3558 1210 3600 rneo
1233 3551 1344 3603 eontra

94 3656 192 3698 omne
220 3633 270 3696 fas
297 3648 330 3698 et
356 3635 508 3697 decoram
531 3634 571 3697 de
594 3655 689 3707 noro,
712 3656 762 3696 mc
786 3634 887 3697 inscio
911 3648 944 3698 et
966 3636 1159 3713 inconsulto,
1182 3638 1215 3700 in
1240 3661 1344 3703 carce·

96 3756 164 3798 rem
199 3733 377 3810 detrusum,
412 3756 476 3819 quo
504 3734 591 3796 facto
619 3756 682 3797 non
709 3747 774 3797 tam
798 3735 901 3821 ipsum
926 3757 1021 3821 quam
1045 3760 1095 3800 me
1119 3737 1228 3801 laesum
1252 3752 1342 3826 puto.

182 3835 230 3897 Ut
263 3856 340 3898 vero
373 3857 458 3897 nunc
492 3834 665 3919 quiequam
698 3835 866 3898 immutem
901 3858 1016 3922 meque
1047 3835 1151 3901 verbis
1178 3841 1344 3925 conceptis

93 3936 338 3999 accommodem
371 3934 411 3999 de
438 3957 533 4009 novo,
560 3934 686 3999 obsistit
708 3937 821 4022 primo,
845 3938 930 4022 quod
953 3937 1023 4001 eius
1046 3961 1064 4001 a
1087 3960 1136 4001 me
1159 3940 1342 4025 requirendi

95 4035 220 4100 nullam
245 4036 367 4119 justam
395 4036 552 4099 rationem
581 4035 709 4100 subesse
736 4036 874 4113 videam,
898 4038 1014 4102 deinde
1037 4039 1133 4124 quod,
1158 4039 1343 4104 Hermanno

94 4136 281 4201 Zandersen
305 4139 372 4201 sine
395 4136 477 4200 scitu
500 4159 572 4199 meo
595 4136 794 4222 apprehenso
817 4150 912 4224 atque
934 4140 968 4202 in
992 4161 1148 4203 carcerem
1162 4156 1342 4226 compacto,

93 4250 206 4323 spreta
240 4236 304 4301 fide
338 4259 409 4301 mea
442 4259 537 4322 quarn
573 4238 835 4324 interposueram,
870 4262 954 4302 nanc
983 4262 1033 4302 me
1057 4240 1096 4303 ab
1119 4239 1224 4303 isthoc
1247 4264 1343 4307 onere

95 4338 276 4401 immanem
310 4337 447 4401 credam.
504 4337 576 4425 Ego
610 4339 719 4423 igitur,
755 4339 830 4403 licet
864 4338 1019 4423 objectati
1049 4340 1192 4403 criminis
1222 4346 1344 4430 magni·

95 4438 211 4502 tudine
245 4452 352 4501 motus
385 4439 583 4524 postulatum
617 4462 707 4504 reum
740 4464 806 4504 aon
839 4456 904 4505 tam
939 4440 1072 4527 cripere,
1107 4464 1203 4527 quam
1233 4444 1344 4509 sistere

97 4543 274 4551 ..m-n.
282 4544 292 4549 a

183 4574 203 4631 Ι)
229 4578 265 4626 At
289 4576 315 4625 d.
340 4580 372 4625 26
396 4577 461 4626 Nor.
485 4582 556 4639 1626,
576 4577 795 4629 Oxenstternska
813 4581 973 4643 samtingen.
1010 4579 1167 4629 Zandersen
1185 4581 1275 4631 hallas
1294 4582 1347 4632 dtr

94 4660 213 4709 Sanan.
250 4660 296 4709 arr
313 4675 356 4710 om
375 4661 474 4712 honour
494 4662 577 4711 otvan
596 4663 648 4711 ald.
667 4668 716 4711 tlt
735 4664 762 4711 a.
