3264 5354
305 754 362 808 80.
405 752 475 807 will
495 754 605 809 Jaoob
628 754 748 820 spons.
1001 751 1201 807 Stookholm
1223 751 1256 807 d.
1279 752 1319 806 18
1341 752 1434 808 Mars
1455 753 1556 808 losa.

306 968 443 1016 Hanvlsar
468 967 514 1017 tlll
539 967 702 1030 konungeus
729 970 794 1028 eget
820 980 882 1015 suar
908 965 944 1029 pi
965 966 1035 1014 hans
1057 966 1120 1015 bref
1137 966 1189 1014 och
1206 967 1298 1015 lofsar
1316 966 1383 1023 dels,
1402 981 1446 1015 om
1465 967 1556 1019 saken

390 1051 463 1101 hade
489 1051 643 1113 framgtng,
670 1051 724 1099 den
750 1050 873 1111 bogarda
894 1050 1099 1112 betattnlngen,
1118 1049 1178 1100 dela
1197 1051 1240 1099 sln
1258 1049 1424 1100 medverkso
1444 1050 1493 1101 vid
1509 1055 1557 1100 est

391 1136 513 1186 onskadt
529 1135 673 1198 godsbytc.
705 1133 755 1183 Om
776 1133 955 1184 uisendos.
992 1133 1019 1181 P.
1035 1134 1064 1183 fl.
1091 1134 1158 1184 ΒΜ
1174 1134 1558 1198 nonusnmssuinesmn,

391 1234 448 1271 sous
467 1221 533 1275 visa,
553 1222 676 1267 altman
695 1218 746 1269 dir
763 1218 860 1269 tankts
878 1217 963 1280 ttsga
981 1218 1023 1285 slg
1039 1218 1131 1269 sakan.

640 1379 812 1467 Magnifice
836 1403 871 1443 ac
895 1378 1055 1444 Generose
1080 1378 1227 1445 Domine.

393 1534 445 1598 Ad
478 1545 606 1610 cuncte,
640 1553 710 1617 quse
738 1530 791 1594 vel
818 1530 849 1593 S.
873 1530 910 1595 R.
934 1529 1008 1594 Mai
1027 1529 1104 1594 deno
1126 1544 1235 1595 nostro
1258 1531 1311 1595 vel
1334 1531 1414 1596 mihi
1437 1533 1477 1597 de
1498 1555 1559 1597 ne·

308 1635 404 1720 goeio
436 1635 496 1699 tibi
528 1632 714 1698 concredito
747 1631 913 1718 scripsisti,
946 1629 1044 1694 habos
1077 1653 1268 1717 responsum
1300 1633 1339 1696 ab
1366 1632 1436 1719 ipso
1463 1633 1558 1721 Rege

308 1748 428 1812 nostro,
452 1747 489 1798 ut
509 1734 590 1798 nihil
614 1756 699 1797 nunc
721 1732 773 1809 sit,
796 1732 882 1818 quod
906 1731 1018 1796 addam
1031 1732 1068 1814 ¹).
1107 1730 1143 1795 Si
1164 1734 1356 1797 successerit
1368 1733 1558 1820 negocium,

307 1836 336 1899 is
368 1847 420 1899 est
452 1835 482 1898 S.
514 1836 551 1899 R.
579 1834 669 1899 Mztis
695 1834 729 1898 in
756 1846 789 1897 te
812 1832 958 1910 affectus,
980 1844 1017 1896 ut
1037 1854 1157 1896 munus
1178 1834 1359 1919 expetitum
1380 1857 1457 1899 cuns
1475 1858 1559 1899 con·

309 1937 420 2001 iuncto
452 1936 573 2000 honore
605 1933 847 2020 commodisque
880 1932 939 1997 tibi
966 1956 1030 2019 psae
1057 1932 1174 1997 ceteris
1196 1934 1293 1999 facile
1315 1957 1352 1999 ac
1374 1935 1490 2000 labens
1511 1936 1560 2001 sit

308 2058 497 2101 concessura
507 2036 549 2119 ¹);
582 2058 642 2099 nec
675 2034 714 2099 de
746 2057 819 2098 mes
850 2033 885 2097 in
919 2047 951 2098 te
978 2033 1044 2097 fide
1067 2034 1357 2121 benevolentiaque
1378 2035 1559 2111 dubitabis,

309 2137 365 2224 qui
397 2160 462 2200 son
495 2157 647 2222 passurus
673 2157 755 2208 sum,
778 2134 859 2198 mihi
881 2134 1082 2199 occasionem
1103 2134 1192 2199 elabi
1213 2137 1363 2212 testandi,
1385 2137 1499 2223 quanti
1519 2150 1558 2203 tc

309 2239 437 2302 faciam.
497 2235 791 2301 Commutatiouem
835 2235 1024 2321 prediorum
1063 2236 1124 2300 tibi
1162 2238 1351 2320 promissam
1387 2239 1559 2323 praestabo,

308 2352 465 2425 otiantem
489 2360 631 2425 possum,
654 2350 789 2424 urgente
809 2337 842 2400 id
858 2337 943 2422 apud
960 2359 1010 2400 me
1025 2337 1196 2422 negocium
1213 2337 1345 2402 Andrea
1360 2338 1558 2424 Schawio⁸).

310 2440 418 2503 Bonus
441 2462 540 2504 senex
561 2453 670 2502 noster
691 2436 842 2501 Klerkius
865 2437 964 2501 biduo
987 2436 1104 2502 abhinc
1127 2437 1180 2523 pie
1202 2436 1375 2503 defunctus
1389 2454 1449 2518 est,
1465 2454 1558 2509 certe

310 2564 374 2604 non
407 2541 477 2604 sine
510 2540 619 2604 dolore
646 2537 745 2625 Regis
772 2560 808 2601 sc
833 2537 977 2601 omnium
1001 2538 1167 2615 bonorum,
1190 2538 1247 2625 qui
1270 2539 1340 2604 eius
1362 2542 1495 2607 servitio
1518 2567 1558 2608 ac

309 2640 551 2706 conversatione
573 2639 708 2704 honeste
730 2637 918 2723 aliquandiu
940 2639 1046 2703 adhuc
1068 2639 1133 2702 frui
1156 2640 1366 2725 cupivissent.
1408 2642 1469 2708 Sed
1486 2644 1559 2710 feto

310 2743 468 2807 moriendi
491 2743 558 2807 nati
581 2762 700 2805 sumus.
749 2738 838 2802 Vale.
876 2738 1044 2802 Dabantur
1067 2738 1292 2804 Stockholmiae
1314 2743 1367 2807 die
1389 2743 1429 2805 13
1445 2743 1559 2811 Martii

311 2848 408 2907 Anno
432 2844 523 2906 1625.

1021 2956 1158 3044 Magnis.
1182 2972 1245 3023 tuae
1268 2959 1480 3029 amicissimus

1087 3058 1226 3121 Axelius

1088 3157 1299 3224 Oxenstienna
1322 3186 1385 3249 mp.

396 3347 477 3409 Cum
506 3367 607 3410 essent
630 3343 687 3406 has
709 3343 818 3407 literas
840 3342 1034 3428 signaturus,
1058 3342 1249 3408 adferuntur
1271 3344 1371 3411 literae
1391 3372 1433 3413 cx
1454 3351 1561 3418 Donia

312 3448 441 3533 allego
465 3460 498 3511 et
520 3445 628 3531 legato
650 3442 841 3530 Anglico‘).
887 3441 1065 3505 Additurus
1087 3466 1188 3508 essem
1211 3443 1301 3510 hisce
1323 3448 1402 3512 meis
1421 3450 1559 3539 aliquid,

311 3548 368 3613 sed
401 3546 558 3611 excludor
591 3560 750 3630 temporc3
784 3556 910 3606 tantum
946 3555 982 3606 ut
1015 3542 1134 3619 videas,
1167 3545 1246 3631 quid
1278 3546 1347 3613 illio
1375 3564 1500 3637 agatur,
1525 3570 1561 3621 et

312 3660 428 3713 cuncta
460 3646 581 3712 rectius
614 3644 785 3727 dijudices,
819 3665 921 3729 pauca
953 3666 996 3706 ex
1028 3643 1130 3708 literis
1162 3645 1264 3733 legati
1291 3649 1419 3715 extrahi
1444 3654 1559 3725 ethis

313 3747 447 3834 adiungi
470 3748 591 3811 curavi.
636 3746 684 3809 De
706 3745 821 3809 ceteris
844 3743 955 3829 paucis
975 3743 1091 3809 abhinc
1107 3746 1222 3811 diebus
1237 3750 1424 3836 scripturus.
1456 3754 1561 3820 Vides

399 3969 418 4029 ¹)
437 3972 471 4019 Ss
490 3970 574 4023 olvan
592 3970 643 4018 sld.
663 3971 695 4017 45
713 3972 763 4017 not
782 3963 809 4025 ²).

396 4052 417 4113 ²)
434 4056 522 4105 'forde
548 4055 607 4103 atse
634 4052 728 4116 Spsns'
755 4050 887 4101 snhallsn
912 4051 922 4098 l
950 4051 1011 4101 bret
1032 4054 1076 4101 till
1100 4053 1247 4119 kentingen
1266 4058 1296 4109 gt
1313 4059 1340 4111 d,
1359 4064 1388 4109 21
1409 4061 1471 4112 am,
1491 4067 1559 4115 1325

312 4145 364 4198 att,
382 4155 426 4191 osu
444 4139 616 4191 koalitionen
634 4138 742 4187 homme
760 4136 805 4183 till
818 4134 909 4193 stand,
922 4133 1148 4200 belullsns'slstigas
1161 4141 1223 4189 med
1237 4144 1394 4206 uppdsaget
1407 4150 1450 4195 att
1461 4149 1560 4199 vm„

313 4231 429 4287 trupper
446 4227 456 4273 1
473 4223 608 4284 England‚
627 4227 669 4270 ett
687 4220 822 4282 uppdrsg,
840 4232 898 4266 som
917 4216 972 4266 han
990 4218 1041 4267 ock
1060 4221 1090 4268 at
1105 4222 1255 4286 kentingen
1274 4226 1363 4278 crholl
1380 4230 1435 4279 sul.
1453 4231 1516 4280 bret
1529 4233 1560 4283 al

313 4308 340 4356 d.
360 4311 374 4355 3
393 4308 480 4370 April,
499 4308 574 4356 treta
592 4306 652 4354 Lat.
671 4304 761 4367 Tyska
779 4305 895 4365 registr,
914 4301 964 4349 sid.
984 4306 1023 4349 92.

397 4388 418 4450 ³)
437 4391 524 4454 Speos
546 4391 617 4439 hade
640 4392 650 4437 l
672 4389 734 4437 brel
751 4388 796 4436 till
815 4385 945 4434 kanslern
964 4387 994 4435 af
1011 4388 1035 4436 d.
1055 4392 1069 4436 8
1089 4391 1141 4439 och
1160 4395 1192 4440 20
1209 4392 1270 4442 Jan.
1292 4392 1356 4445 lest
1375 4397 1497 4448 anhtlllt
1514 4413 1559 4448 om

313 4475 420 4524 (lennes
447 4475 616 4524 medveskan
644 4475 690 4522 vld
714 4479 756 4523 ett
777 4470 934 4537 jordamio,
956 4469 1069 4521 hvarom
1087 4475 1192 4538 kapten
1210 4477 1334 4528 Andreas
1352 4480 1451 4530 sehse
1469 4483 1559 4532 skulls

313 4561 470 4608 tramstalla
488 4561 600 4623 sdeslag.

397 4639 419 4701 ι)
438 4644 471 4693 Se
489 4646 570 4693 oivau
590 4645 641 4693 sid.
661 4648 692 4691 47
712 4651 760 4694 not
780 4642 807 4704 ¹).
