3314 5362
357 408 397 470 72

312 574 432 638 hebent
465 574 678 649 commodum,
712 572 765 637 vel
794 586 859 636 tem
882 572 979 658 longe
1002 595 1020 636 a·
1042 573 1210 637 destinatis
1233 572 1348 636 nostris
1372 573 1501 648 absunt,
1527 586 1570 634 ut

312 674 446 739 inutiles
472 674 566 760 plane
584 673 753 758 judicandi
777 673 850 737 sint.

398 775 447 838 De
470 773 640 839 statuenda
662 773 737 838 sede
759 773 836 837 belli
861 772 979 837 Stetini
1002 796 1037 838 ec
1060 773 1094 836 in
1111 773 1299 838 Pomerania
1314 787 1394 859 puto
1410 774 1571 860 ineptum

314 898 383 941 esse
416 876 499 940 velle
533 875 702 939 disserere:
731 888 814 938 terra
841 875 953 951 amics,
975 875 1125 961 princeps
1148 874 1278 951 amicus,
1302 875 1417 938 civitas
1442 876 1570 951 omiee3

314 977 404 1041 nullo
438 977 548 1062 itoque
582 975 635 1038 vel
664 976 738 1060 jure
772 975 824 1038 vel
850 975 1047 1038 conscientia
1072 975 1203 1053 offendi,
1227 975 1458 1039 multominus
1482 974 1570 1038 belli

314 1076 518 1142 incommoda
550 1076 662 1140 invitis
697 1076 824 1139 obtrudi
858 1090 1002 1162 possunt.
1057 1075 1126 1140 Nee
1153 1075 1318 1140 securitati
1345 1075 1441 1139 buius
1467 1076 1571 1162 regni

315 1179 392 1242 satis
425 1193 510 1243 esset
541 1191 758 1264 prospectum,
792 1177 819 1240 si
851 1176 964 1241 relicto
999 1176 1165 1251 Dentiseo‚
1199 1175 1255 1239 ubi
1284 1199 1395 1239 omnes
1423 1176 1571 1240 hostiles

316 1278 500 1342 molitiones
535 1292 568 1342 et
598 1277 667 1341 ficri
694 1290 828 1364 possunt
850 1290 881 1341 et
905 1291 1143 1342 consueverunt
1165 1277 1198 1340 in
1221 1276 1283 1340 hoc
1305 1299 1452 1362 regnum,
1475 1278 1572 1342 vires

316 1392 438 1442 nostras
471 1379 536 1442 ulio
563 1379 816 1443 transferremus.
861 1378 1051 1442 Dentiscum
1075 1400 1151 1441 vero
1173 1377 1289 1442 civitas
1313 1392 1361 1440 est
1384 1378 1466 1463 Regi
1491 1402 1572 1443 meo

316 1480 428 1543 multis
464 1480 649 1544 nominibus
686 1493 719 1544 et
756 1480 878 1543 offense
916 1493 949 1543 ct
984 1479 1112 1555 infeste,
1151 1491 1247 1564 etque
1283 1501 1381 1564 regno
1419 1479 1572 1542 Poloniae

316 1580 476 1659 subiecto,
509 1604 573 1667 qua
605 1581 737 1666 quidem
769 1581 804 1643 in
838 1604 877 1643 co
910 1593 1004 1655 statu,
1039 1578 1073 1642 in
1107 1602 1168 1664 quo
1201 1602 1287 1641 nunc
1315 1593 1372 1655 cst,
1401 1594 1571 1656 manente,

316 1680 419 1744 hostis
453 1696 486 1745 ct
513 1679 672 1745 divertere
699 1680 819 1744 bellum
843 1681 877 1743 in
900 1680 961 1744 hoc
983 1702 1117 1765 regnum
1141 1693 1174 1743 et
1195 1702 1213 1743 e
1235 1694 1327 1766 tergo
1349 1702 1407 1742 nos
1429 1681 1570 1766 impune

317 1781 467 1845 invadere
497 1782 622 1867 poterit,
650 1805 723 1845 cum
747 1782 781 1844 in
809 1781 885 1845 urbe
909 1793 1040 1866 petente
1062 1794 1227 1865 receptum
1250 1780 1366 1844 hebeat
1388 1795 1507 1858 tutum,
1533 1795 1569 1845 et

316 1882 503 1947 necessariis
525 1881 620 1946 rebus
642 1882 791 1946 omnibus
812 1882 876 1946 frui
900 1895 1007 1968 queat.
1051 1881 1113 1944 Hic
1135 1882 1236 1968 igitur
1257 1882 1438 1945 necessario
1455 1884 1570 1946 sedem

319 1984 396 2048 belli
426 1984 583 2047 collocare
610 1996 746 2069 oportet.
795 1983 844 2046 De
868 1983 937 2046 eius
961 1982 1184 2067 occupatione,
1207 1981 1269 2045 etsi
1291 1983 1499 2046 temerarium
1524 1984 1572 2046 sit

318 2084 380 2148 sibi
413 2086 492 2148 certi
526 2084 646 2170 aliquid
682 2084 878 2170 promittere,
909 2108 981 2148 cum
1005 2097 1141 2148 eventus
1163 2105 1268 2147 rerum
1291 2082 1434 2146 omniurn
1458 2106 1495 2146 uc
1518 2083 1572 2147 in·

317 2186 429 2273 primis
464 2186 620 2249 bellorum
655 2186 697 2249 sit
729 2186 763 2248 in
797 2207 893 2248 manu
927 2185 998 2261 Dei,
1032 2196 1140 2248 tamen
1174 2184 1387 2248 dubitandum
1413 2207 1478 2246 non
1507 2200 1572 2257 est,

318 2288 442 2350 cunctis
475 2300 561 2350 recte
595 2286 790 2371 ponderatis,
824 2286 912 2372 quin,
946 2286 973 2348 si
999 2286 1088 2368 juste
1110 2284 1158 2347 vis
1181 2283 1354 2370 prudenter
1375 2298 1409 2348 et-
1430 2307 1473 2348 ex
1498 2300 1572 2348 arte

318 2387 419 2451 luerit
443 2386 595 2463 adhibite,
620 2388 688 2450 voti
710 2399 876 2472 compotes
901 2409 955 2470 per
979 2386 1041 2449 Dei
1063 2385 1199 2471 gretiam
1224 2385 1292 2449 fieri
1317 2385 1486 2471 possimus.

403 2488 436 2551 Si
459 2488 667 2551 confederati
690 2487 861 2552 consilium
885 2486 1143 2572 adprobaverint,
1164 2485 1342 2571 opibusque
1358 2486 1424 2549 suis
1440 2486 1574 2571 Regem

320 2611 425 2652 meum
449 2589 481 2652 in
506 2588 694 2674 occupando
719 2587 873 2651 Dentisco
892 2588 1049 2670 juverint,
1072 2608 1215 2671 propone
1239 2584 1298 2649 tibi
1321 2608 1361 2648 ex
1384 2609 1423 2649 eo
1446 2585 1574 2651 faeiem

319 2712 423 2753 rerum
453 2709 485 2753 et
511 2688 718 2753 consiliorum
741 2702 932 2752 nostrorum.
977 2688 1143 2772 Occupato
1167 2686 1322 2749 Dentisco
1344 2708 1480 2772 regnum
1507 2687 1574 2750 hoc

319 2791 358 2853 ub
382 2790 485 2853 omnis
507 2790 629 2853 insultu
652 2789 804 2853 Polonico
825 2804 933 2853 tutum
949 2788 1019 2863 erit,
1036 2811 1109 2851 curu
1125 2802 1253 2873 portum
1272 2786 1410 2849 Polonus
1426 2786 1573 2872 emplius

320 2913 383 2954 non
417 2890 543 2966 habeut,
578 2914 619 2955 ex
652 2915 716 2976 quo
750 2891 811 2955 hoc
845 2913 980 2976 regnum
1012 2890 1154 2952 invadet.
1206 2887 1356 2951 Colleotae
1386 2901 1455 2951 tum
1480 2888 1573 2952 vires

321 3005 444 3066 nostrae,
478 3016 548 3077 quse
581 3016 667 3056 nunc
701 3005 739 3056 ut
772 2992 945 3077 plurimum
980 2991 1127 3075 dispersae
1157 3003 1232 3052 sunt
1255 2987 1415 3074 oblongo
1438 2988 1574 3074 lateque

320 3094 465 3180 patentis
486 3093 580 3156 litero
602 3093 693 3179 regni
717 3092 821 3171 huius,
844 3104 941 3156 tantae
963 3091 1080 3156 futurse
1103 3100 1187 3164 suut,
1211 3102 1248 3152 ut
1271 3104 1303 3153 et
1322 3090 1447 3172 justum
1468 3112 1575 3176 oppo-

320 3216 396 3257 nere
431 3193 552 3256 Polono
586 3194 767 3257 exercitum
795 3206 828 3256 et
851 3192 947 3256 simul
970 3192 1068 3268 alium
1092 3190 1253 3254 firmatum
1277 3188 1427 3253 subsidiis
1450 3191 1576 3253 confae·

320 3296 503 3359 deratorum
538 3294 666 3358 mittere
699 3294 733 3357 in
769 3292 917 3357 Silesiem
950 3292 1122 3377 possimus;
1157 3292 1331 3376 praesertim
1365 3312 1438 3353 cum
1473 3290 1506 3353 id
1536 3291 1577 3354 in

321 3408 429 3459 nostra
465 3395 506 3458 sit
544 3407 701 3480 potestate
738 3394 897 3469 futurum,
923 3385 987 3457 'vel
1024 3393 1203 3457 exerc-itum
1241 3390 1377 3455 educere
1417 3392 1578 3455 adversus

323 3497 494 3571 Polouum,
528 3496 580 3560 vel
613 3496 684 3581 ipse
717 3494 806 3558 urbis
840 3493 978 3570 moenie,
1011 3494 1099 3557 intus
1132 3516 1168 3556 uc
1200 3492 1279 3555 foris
1310 3491 1440 3578 egregio
1464 3491 1578 3556 milite

322 3597 455 3674 munita,
490 3619 652 3682 opponere
686 3595 782 3672 hosti,
809 3595 912 3658 donec
940 3608 1084 3679 tempore
1112 3617 1148 3657 ae
1172 3616 1261 3657 mora
1284 3594 1403 3677 primus
1425 3589 1578 3677 impetus

324 3697 537 3761 defervescat.

407 3796 588 3882 Obstringit
621 3811 730 3861 autem
764 3819 796 3860 se
831 3798 903 3860 Rex
936 3819 1026 3860 meus
1059 3817 1097 3858 eo
1130 3815 1215 3869 casu,
1244 3793 1271 3855 si
1300 3793 1429 3857 adiutus
1454 3793 1578 3878 opibus

323 3898 608 3967 confaedcmtorum
643 3899 751 3962 sedem
786 3897 863 3960 belli
893 3897 926 3960 in
950 3896 1100 3960 Borussin
1123 3918 1158 3958 ec
1182 3893 1327 3957 Dentisci
1351 3893 1577 3971 collocaverit,

324 3998 408 4085 quod
444 4001 482 4063 ed
518 3999 687 4062 minimum
714 4022 756 4063 ex
784 4022 822 4061 eo
845 3997 898 4060 die
922 4000 963 4062 10
985 3995 1087 4060 millia
1109 3996 1253 4081 peditum
1276 4008 1309 4058 et
1333 3994 1420 4058 mille
1443 3996 1578 4080 equites

324 4099 507 4186 sumptibus
541 4100 606 4162 suis
634 4099 676 4162 sit
703 4112 940 4164 sustentaturus
968 4113 999 4162 et
1029 4097 1195 4162 additurus
1218 4094 1321 4180 copiis
1343 4094 1578 4158 confaederato·

323 4224 404 4276 rum,
437 4214 473 4263 ut
507 4217 576 4264 tum
609 4199 705 4263 simul
734 4201 856 4284 junctae
885 4211 1056 4285 penetrent
1077 4198 1111 4261 in
1134 4196 1290 4271 Silesism,
1314 4196 1382 4259 sive
1405 4196 1476 4259 illas
1500 4195 1578 4260 Rex

325 4323 413 4364 meus
441 4301 582 4375 duxerit,
606 4300 674 4363 sive
697 4302 882 4387 quicunque
907 4301 1002 4364 alius:
1026 4312 1121 4385 atquc
1145 4299 1207 4362 erit
1228 4298 1370 4383 perinde,
1394 4298 1469 4360 sede
1493 4296 1578 4361 belli

325 4400 471 4464 Dentisci
505 4401 672 4475 collocata,
705 4425 769 4487 qua
797 4403 858 4465 iter
885 4425 1000 4487 capere
1022 4400 1134 4476 velint,
1157 4422 1214 4462 seu
1238 4421 1295 4484 per
1317 4397 1495 4471 Polonicm,
1520 4397 1580 4461 ba·

324 4500 430 4566 bendo
454 4501 630 4565 Marcbiam
653 4515 686 4566 et
709 4503 932 4566 Pomeraniam
955 4501 994 4566 ad
1017 4502 1174 4577 dextram,
1197 4521 1253 4563 seu
1277 4522 1334 4583 per
1350 4498 1577 4563 Pomeraniam

324 4615 357 4666 et
390 4602 578 4678 Marchism,
613 4603 639 4666 si
672 4603 706 4667 id
739 4627 814 4667 curn
845 4602 1027 4689 principum
1055 4602 1156 4689 gratia
1179 4599 1318 4665 obtineri
1343 4600 1473 4685 poterit.
1520 4602 1578 4665 Ad
