3212 5352
10 1428 12 1537 l

10 1546 11 1637 l

10 1644 12 1721 r

68 721 121 775 aa.
162 720 233 776 usu
254 721 285 777 r.
308 700 453 777 smum
474 721 707 779 mansuros.

633 824 757 891 tagra
777 823 835 879 vm
857 823 977 881 armen
999 825 1033 881 a.
1056 826 1077 881 a
1100 825 1191 893 sept.
1214 827 1313 883 raas.

70 1001 182 1052 Forsrar
205 1003 251 1053 for
267 1004 379 1055 infallct
396 1006 405 1053 i
424 1004 576 1061 Lithauem
594 1004 657 1053 dass
674 1005 761 1055 milda
779 1004 960 1068 behandllng.
996 1005 1121 1057 Skuldsn
1138 1007 1183 1055 tor
1200 1006 1312 1068 krtgets

147 1088 303 1149 iornyande
329 1102 392 1136 vore
419 1088 612 1151 polackarnas,
639 1103 695 1138 som
722 1103 821 1153 genam
843 1089 969 1152 standlgt
989 1090 1154 1140 ldrhalande
1172 1091 1201 1140 ai
1219 1091 1310 1139 freds-

147 1170 397 1233 lorhandllngarna
419 1172 471 1221 och
493 1171 631 1235 fornysde
649 1173 887 1237 forolampntngar
903 1178 961 1223 mot
980 1173 1105 1236 Sverlges
1123 1175 1237 1237 konnng
1255 1173 1310 1223 och

147 1254 205 1303 iolk
233 1256 339 1319 nddgat
361 1255 441 1305 dessa
460 1259 503 1305 att
520 1256 588 1305 soka
606 1256 667 1305 med
686 1270 776 1320 sapen
795 1257 961 1321 tramtrlnga
978 1258 1085 1307 freden.
1121 1258 1229 1307 Salvius
1248 1262 1308 1307 saa·

146 1339 195 1388 des
221 1353 259 1388 nn
282 1341 328 1389 tlll
346 1339 370 1389 Β.
392 1340 439 1388 sor
457 1343 500 1389 att
517 1353 546 1389 ss
564 1341 617 1400 un,
636 1355 680 1390 om
699 1341 803 1390 donnes
821 1341 952 1391 tollmakt
969 1346 1064 1403 syntea
1083 1343 1159 1404 gitta
1176 1342 1313 1392 utkerhet

144 1425 190 1472 for
206 1427 251 1474 att
267 1428 415 1485 mussant
433 1426 552 1474 resultat
570 1424 599 1473 at
616 1424 875 1488 tdrbandllngarna3
893 1440 937 1475 orn
955 1426 986 1474 st
1003 1440 1078 1486 rore,
1095 1427 1192 1477 stillas
1205 1439 1310 1489 rapsa·

146 1507 221 1557 huila
241 1509 250 1557 1
269 1507 365 1558 atsikt.

317 1636 457 1701 Illustris
479 1660 516 1701 ac
538 1637 713 1724 Magnifice
735 1638 876 1703 Domine
899 1638 1056 1704 Palatine.

147 1738 260 1802 Multis
283 1739 321 1802 ad
344 1737 601 1825 persuadendum
623 1738 740 1804 validis
756 1740 954 1826 argumentis
970 1738 1138 1827 lll[ust]ris
1154 1754 1188 1805 et
1202 1739 1311 1828 M[ag·

71 1838 172 1926 nifi]ea
206 1838 424 1926 D[0minat]io
457 1852 564 1903 restra
591 1862 649 1903 nos
680 1840 719 1903 ab
742 1839 924 1904 infestanda
946 1839 1123 1905 Litbuania
1144 1841 1310 1906 retrahere

73 1956 206 2004 conatur.
262 1944 310 2004 At
344 1940 370 2003 si
403 1963 517 2004 verum
550 1940 647 2004 fateri
680 1940 769 2015 libet,
804 1964 842 2005 ea
869 1954 985 2027 praeter
1011 1941 1162 2005 hostilem
1186 1964 1306 2006 morem

10 2048 11 2063 ¹
73 2042 284 2105 moderatione
318 2040 370 2104 hic
404 2041 521 2105 versati
555 2045 675 2116 sumus,
709 2053 755 2113 ut,
788 2042 865 2105 licet
897 2064 971 2105 cum
999 2043 1145 2107 exercitu
1167 2042 1311 2107 ditiones

73 2155 183 2206 vestras
206 2141 305 2206 simul
326 2154 365 2206 ut
386 2141 494 2206 hostes
516 2142 663 2228 ingressi,
687 2165 800 2206 manus
814 2155 922 2207 tamen
939 2143 1172 2229 propemodum
1188 2166 1309 2207 vacuas

74 2244 151 2306 omni
184 2243 327 2307 humano
360 2242 518 2327 sanguine
551 2242 735 2320 habeamus,
763 2243 908 2328 exceptis
935 2243 1055 2329 oppido
1081 2245 1202 2330 paucis,
1226 2266 1311 2330 quos

72 2344 117 2407 vel
138 2343 352 2408 Cosaccorum
373 2345 601 2408 commercium
623 2345 676 2408 vel
699 2366 792 2408 casus
815 2345 945 2430 quidam
968 2344 1040 2407 neci
1063 2345 1162 2409 dedit.
1202 2343 1310 2408 Villae

72 2465 138 2508 tero
171 2466 338 2532 pagosque
372 2445 478 2508 nullos
511 2445 693 2508 exussimus
725 2444 759 2509 in
787 2444 873 2509 hunc
895 2445 992 2522 diem,
1014 2445 1076 2508 nisi
1100 2467 1179 2532 quos
1202 2445 1310 2521 miles,

73 2544 167 2610 mellis
200 2557 367 2631 appetens,
400 2544 538 2609 fortuito
570 2546 722 2610 incendio
750 2545 936 2632 absumpsit,
964 2559 1002 2609 ut
1023 2545 1186 2610 immerito
1208 2545 1305 2610 lllzris

74 2658 101 2708 et
129 2645 256 2733 Magzoa
288 2646 363 2709 Dzio
395 2659 502 2711 vestra
529 2646 685 2711 sevitiam
708 2646 899 2711 nostratium
922 2648 1059 2712 incuset.
1103 2648 1173 2711 Nec
1195 2646 1228 2711 id
1251 2669 1310 2710 no·

75 2746 116 2809 bis
136 2749 208 2832 jure
232 2748 300 2811 ullo
323 2748 508 2833 exprobrari
533 2760 647 2833 potest,
671 2771 744 2811 eum
767 2762 880 2812 natura
901 2747 978 2812 belli
1001 2770 1059 2834 per
1080 2770 1114 2811 se
1138 2749 1181 2811 sit
1203 2760 1310 2825 atrox,

76 2848 194 2912 minime
217 2872 296 2913 vero
319 2849 358 2913 ab
382 2848 461 2912 llltri
484 2860 518 2913 et
540 2848 666 2935 Magna
688 2849 791 2912 Dione
812 2864 926 2919 vestra.
943 2848 1036 2913 cuius
1051 2872 1129 2935 gens
1145 2850 1203 2912 vix
1218 2847 1306 2912 domi

76 2971 129 3013 suae
160 2974 193 3014 se
228 2949 422 3013 moderatius
449 2973 561 3037 gerere
588 2950 680 3026 solet,
703 2973 799 3036 quam
822 2950 914 3013 miles
937 2962 1046 3014 noster
1067 2973 1100 3013 se
1123 2950 1156 3012 in
1180 2947 1310 3013 hostico

76 3052 207 3135 gesserit,
235 3050 320 3136 apud
350 3051 475 3114 hostem
499 3073 575 3114 vero
597 3051 731 3114 infanda
753 3050 801 3115 uti
824 3050 993 3114 consuevit
1016 3049 1147 3125 saevitia,
1171 3051 1310 3136 eiusque

76 3151 156 3229 sinna
180 3153 215 3216 in
242 3151 421 3215 ditionibus
447 3152 566 3215 nostris
589 3151 700 3237 paucis
723 3150 840 3215 abhinc
863 3149 964 3225 annis,
987 3149 1126 3225 necdum
1149 3150 1305 3214 oblivioni

75 3252 190 3330 tradita,
224 3251 369 3339 reliquit.
424 3252 492 3316 Nos
525 3274 651 3315 summa
684 3253 812 3338 quidem
840 3252 1015 3315 necessitas
1043 3251 1076 3314 in
1100 3251 1160 3315 hoc
1182 3251 1307 3315 bellum

75 3353 231 3418 adversum
254 3376 312 3416 ros
335 3352 484 3416 extrusit.
522 3353 671 3417 Studium
688 3375 765 3416 vero
781 3353 869 3439 pacis
885 3351 981 3415 lllzris
997 3367 1029 3416 et
1044 3352 1177 3440 Magtcae
1192 3351 1310 3415 Dronis

74 3467 175 3518 vestre
202 3467 236 3519 et
256 3456 415 3539 justorum
440 3466 635 3518 tractatuum
658 3466 728 3517 toto
750 3451 811 3516 hoc
833 3465 977 3538 ternpore
1000 3453 1120 3517 iniecta
1142 3474 1214 3539 spes
1236 3475 1308 3531 nos,

75 3570 106 3618 ut
133 3556 263 3620 fortuna
295 3556 455 3618 moderate
489 3567 654 3618 uteremur
679 3577 738 3618 nec
765 3553 974 3617 Lithraaniam
1002 3554 1087 3617 ferro
1110 3567 1206 3640 atque
1228 3554 1310 3639 igne

75 3658 301 3743 popularemur‚
323 3655 467 3719 retinuit.

147 3758 231 3837 Quid
260 3757 345 3821 enim
374 3756 470 3819 lllzris
498 3770 532 3820 et
554 3757 681 3842 Magrca
703 3755 778 3818 Dtio
800 3768 907 3819 vestra
929 3756 1036 3819 odium
1059 3757 1167 3843 gentis
1189 3766 1310 3819 restrae

75 3872 204 3922 nostrum
233 3857 450 3943 implacabile,
476 3858 684 3932 immeritum,
706 3856 864 3941 injustum
888 3857 1049 3943 adpellare
1071 3880 1134 3920 non
1159 3855 1311 3921 veretur?

76 3957 162 4023 Absit
192 3983 210 4024 a
242 3959 336 4022 nobis
369 3958 488 4044 placari
522 3958 617 4031 nolle,
652 3965 707 4043 qui
739 3970 789 4021 tot
821 3981 908 4020 nunc
939 3980 1038 4020 annos
1060 3956 1142 4020 nihil
1163 3958 1197 4020 in
1221 3957 1308 4020 votis

76 4054 233 4124 habuimus
266 4059 371 4146 magis
403 4059 557 4122 maiorive
591 4058 697 4123 studio
731 4058 947 4144 quaesivimus,
975 4080 1070 4143 quarn
1096 4056 1235 4120 ruratio
1258 4059 1307 4119 in·

76 4160 237 4237 veniretur,
271 4160 360 4223 salva
392 4160 560 4244 majestate
594 4159 691 4246 Regis
725 4158 835 4235 nostri,
862 4159 950 4221 salvo
977 4172 1062 4222 statu
1090 4171 1200 4221 nostro
1229 4180 1308 4245 praa·

77 4262 157 4338 senti,
178 4261 491 4326 reconciliandorum
517 4261 704 4324 animorum.
749 4259 877 4338 Quanto
899 4260 932 4323 id
955 4260 989 4323 in
1010 4271 1166 4323 vestrates
1183 4259 1308 4342 justius

76 4361 244 4439 coniicitur,
268 4362 324 4448 qui
343 4385 402 4426 nec
417 4362 581 4449 legitimos
597 4373 751 4425 tractatus
766 4360 936 4424 admittere
951 4382 1012 4423 nec
1027 4359 1146 4446 placari
1161 4371 1307 4444 possunt,

75 4459 129 4524 nisi
148 4477 257 4527 nostra
279 4464 435 4527 servitute
459 4486 495 4526 ac
516 4462 651 4526 interitu
674 4461 791 4526 satiati.

148 4563 220 4627 Non
254 4576 304 4628 est
338 4585 439 4649 operae
472 4564 616 4649 precium
651 4563 798 4640 scribere,
832 4561 910 4648 quid
940 4559 1135 4646 Respublica
1161 4576 1306 4625 vestras

77 4661 157 4727 nobis
187 4663 350 4739 meruerit,
384 4686 458 4727 curn
486 4663 607 4750 Regem
635 4687 727 4727 suum
750 4664 785 4726 in
807 4685 874 4738 nos,
898 4662 1016 4726 amicos
1039 4682 1113 4725 suos
1135 4684 1195 4726 nec
1217 4661 1305 4747 quic-
