3248 5328
299 683 374 738 190.
418 678 486 738 Tssl
508 679 726 750 christophor
746 678 879 736 Firehs.

802 782 925 851 Ltgret
952 780 1009 836 vid
1034 780 1216 838 Fallsenau
1244 780 1278 837 d.
1305 784 1326 837 6
1347 780 1426 837 ort.
1449 782 1548 837 1626.

298 963 386 1013 Jacob
414 962 453 1012 De
475 965 504 1012 la
526 963 627 1012 Gardle
646 963 716 1012 skall
735 962 845 1028 alaggas
864 967 907 1013 att
925 963 1012 1012 skona
1030 962 1163 1022 Kurland,
1181 963 1227 1012 tul
1245 961 1308 1012 desa
1327 962 1343 1012 t
1361 965 1460 1027 poleka
1478 965 1548 1014 riks-

383 1048 473 1111 dagen
500 1047 618 1110 atgjorts
644 1061 687 1096 om
713 1047 842 1110 nojaktig
867 1044 1061 1096 konflrmatlon
1088 1046 1157 1095 ade
1176 1047 1462 1099 srsnsk·kurlandska
1480 1064 1545 1100 usu·

381 1131 648 1183 tralltetsslllkoren

631 1276 801 1364 Magnifice
825 1289 858 1340 et
881 1275 1041 1341 Generosa
1065 1275 1213 1342 Domine.

383 1395 582 1479 Debueras)
604 1395 673 1460 Rex
698 1393 838 1460 Poloniae
860 1393 1016 1481 principis
1039 1394 1163 1471 vasalli,
1187 1417 1284 1480 quem
1306 1395 1390 1463 tueri
1406 1419 1472 1460 non
1487 1421 1544 1484 po·

297 1509 389 1573 terat,
423 1496 700 1562 commiseratione
735 1494 873 1575 moveri;
907 1508 944 1558 ut
965 1493 1003 1558 ab
1026 1494 1137 1559 eodem
1161 1496 1373 1561 neutralitatis
1395 1497 1503 1576 initia,
1525 1522 1545 1563 a

298 1619 362 1685 quo
395 1597 585 1662 calamitatis
619 1597 720 1685 origo,
753 1595 964 1663 dimanarent.
1008 1595 1114 1673 Nunc,
1136 1595 1265 1660 inverso
1288 1619 1394 1661 rerum
1418 1598 1542 1677 ordine,

298 1697 328 1761 S.
352 1698 389 1762 R.
413 1698 506 1762 M:tas
529 1698 621 1761 d:nus
644 1718 733 1762 meus
756 1695 1031 1774 clementissimus,
1059 1695 1150 1760 nullo
1173 1710 1363 1783 argumento
1387 1697 1452 1763 alio
1475 1723 1543 1764 mo·

298 1814 362 1875 tus,
385 1820 480 1885 quam
503 1797 599 1885 quod,
623 1797 777 1885 principis
800 1796 956 1884 sanguine
979 1794 1170 1861 Germanico
1193 1795 1272 1860 creti
1295 1797 1401 1863 vicem
1416 1798 1541 1877 dolens,

298 1898 400 1964 hostis
426 1922 512 1963 arma
534 1922 592 1962 sua
614 1898 707 1975 stitit,
731 1910 764 1962 et
785 1920 843 1983 pro
866 1896 1067 1962 illustritatis
1090 1897 1192 1984 ipsius
1214 1899 1471 1976 conservatione,
1487 1902 1544 1966 ob-

297 1999 371 2063 latis
389 2000 487 2084 justa
508 1999 721 2064 neutralitatis
744 1998 857 2085 pactis,
881 1998 989 2086 plures
1011 1998 1195 2063 occasiones
1211 1999 1260 2063 sui
1276 1997 1424 2065 firmandi
1441 2001 1542 2066 hosti·

297 2124 359 2187 que
382 2098 521 2165 nocendi
544 2100 701 2187 neglexit.
740 2100 863 2187 Spretis
886 2099 972 2163 enim
995 2098 1174 2163 rationibus
1197 2099 1358 2164 commodi
1381 2102 1442 2178 sui,
1457 2102 1543 2168 nihil

297 2201 446 2287 quesivit
479 2201 576 2278 aliud,
605 2224 700 2287 quam
724 2214 761 2265 ut
784 2200 948 2264 securitati
971 2222 1035 2263 suae
1057 2199 1305 2286 prospiceretur.
1349 2200 1453 2287 quue
1476 2225 1542 2268 non

296 2302 335 2365 ad
359 2302 509 2389 speciem,
532 2303 587 2367 sed
609 2324 643 2366 re
665 2301 745 2388 ipsa.
790 2301 895 2380 Quam
916 2300 1012 2388 longe
1035 2315 1143 2365 autem
1166 2300 1241 2366 hinc
1263 2302 1418 2367 resolutio
1441 2304 1542 2391 Regis

297 2403 437 2468 Poloniae
470 2402 688 2467 illustrissimo
722 2401 865 2488 Principi
897 2414 1005 2466 vestro
1037 2412 1102 2464 tam
1131 2423 1214 2465 anno
1237 2400 1362 2478 abhinc,
1385 2427 1483 2491 quam
1505 2406 1541 2470 in

295 2503 452 2589 proximis
484 2501 625 2567 comitiis
657 2502 733 2568 data
765 2502 856 2580 absit,
890 2524 954 2565 non
987 2514 1036 2565 est
1068 2524 1171 2588 operae
1204 2503 1343 2588 pretium
1366 2504 1541 2585 declarare,

295 2626 369 2667 cum
392 2617 425 2667 et
446 2603 542 2668 verba
564 2604 745 2690 loquantur,
769 2619 803 2667 et
824 2602 909 2667 faeta
931 2601 965 2666 id
987 2602 1092 2687 ipsum
1115 2617 1283 2668 testentur.

380 2703 473 2783 Quod
506 2705 533 2768 si
566 2727 652 2769 nuno
687 2701 951 2791 D[ominati]onis
984 2715 1096 2767 vestras
1123 2702 1245 2788 legatio
1268 2728 1305 2768 eo
1328 2709 1541 2773 commoverit

296 2804 417 2891 Regem
442 2804 581 2869 Poloniae
604 2829 641 2870 ao
663 2804 809 2881 Ordines,
826 2817 862 2868 ut
877 2803 1049 2890 propositis
1064 2802 1307 2869 conditionibus
1321 2807 1541 2873 neutralitatis

296 2905 411 2970 nostris
445 2904 646 2970 satisfactum
679 2907 730 2981 sit,
764 2918 821 2969 aut
853 2904 942 2968 brevi
964 2905 999 2967 in
1021 2903 1162 2968 comitiis
1184 2905 1332 2971 satisfieri
1355 2909 1468 2993 possit,
1490 2924 1541 2975 est

295 3020 381 3071 certe
414 3008 498 3093 quod
532 3005 593 3070 sibi
616 3005 853 3070 illustrissimus
876 3005 1029 3091 Princeps
1051 3019 1157 3070 vester
1178 3006 1372 3093 gratuletu13
1394 3030 1455 3073 neo
1477 3010 1541 3075 erit

295 3108 456 3195 ingratum
480 3108 510 3172 S.
534 3107 571 3171 R.
595 3107 676 3184 blzti,
699 3108 784 3193 quod
808 3105 910 3193 possit
933 3106 1075 3193 Principi
1098 3119 1203 3171 vestro
1220 3106 1420 3196 subditisque
1436 3110 1540 3195 ipsius

295 3209 363 3273 sine
386 3231 445 3272 suo
467 3230 585 3294 magno
608 3207 810 3272 incommodo
829 3209 903 3291 jura
925 3206 1139 3272 neutralitatis
1155 3208 1337 3273 concedere.
1377 3209 1424 3275 Ut
1438 3211 1541 3296 igitur

224 3298 228 3307 ’
294 3308 361 3374 haro
384 3322 551 3396 tantopere
574 3308 718 3394 expetita
740 3308 927 3373 neutralitas
949 3307 1078 3372 tandem
1101 3329 1191 3372 suam
1219 3309 1451 3395 perfectionem
1474 3334 1540 3376 sor·

294 3410 402 3487 tiatur,
425 3433 490 3473 non
513 3408 639 3475 dubitat
662 3410 691 3474 S.
715 3410 752 3474 R.
776 3410 882 3486 Mztas,
908 3409 1163 3474 illustrissimum
1187 3409 1370 3496 Principem
1392 3425 1539 3478 vestrum

294 3533 367 3574 oum
401 3510 519 3575 illustri
552 3510 628 3575 dzno
661 3510 821 3575 Marschio
854 3523 888 3575 et
920 3509 1070 3575 Generali
1093 3510 1255 3575 exereitus
1277 3510 1308 3574 S.
1331 3512 1368 3575 R
1391 3512 1483 3578 Mztis
1505 3514 1538 3579 in

293 3610 442 3688 Livonia,
474 3611 593 3676 comite
626 3610 665 3674 de
694 3611 833 3688 Leukoe,
856 3611 897 3677 de
919 3624 1051 3696 accepta
1073 3632 1092 3673 a
1114 3610 1203 3697 Rege
1227 3611 1366 3676 Poloniae
1388 3614 1540 3678 cautione

294 3711 615 3775 communicaturum.
659 3709 791 3774 Interim
820 3713 919 3796 jussit
953 3709 983 3773 S.
1017 3710 1054 3775 R.
1083 3711 1179 3775 Mztas
1201 3710 1324 3776 dietum
1347 3711 1539 3780 Genetalem

294 3834 397 3887 suum,
421 3827 458 3876 ut
480 3824 625 3897 parceret
647 3810 865 3891 Churlsndiae3
888 3812 1078 3898 obtinuique
1102 3811 1141 3875 ad
1164 3813 1303 3877 eundem
1323 3812 1432 3878 literas
1447 3815 1539 3880 hisce

294 3913 470 3998 adjunctas,
501 3925 538 3976 ut
563 3912 697 3977 retentis
720 3910 825 3975 adhuc
850 3912 1006 4001 Principis
1030 3914 1127 3977 vestri
1151 3913 1328 3978 ditionibus
1351 3914 1538 3995 abstineret,

293 4013 393 4078 donee
416 4013 570 4078 absolutis
593 4012 732 4099 comitiis
755 4013 859 4100 Regni
883 4013 1022 4078 Poloniae
1044 4037 1131 4079 nuuc
1157 4013 1349 4079 instantibus
1369 4017 1538 4104 cognitum

294 4116 345 4191 sit,
369 4137 408 4177 an
431 4115 526 4178 modo
549 4113 694 4199 expetito
716 4111 823 4178 caveri
846 4115 1008 4178 securitati
1031 4128 1145 4179 nostrae
1167 4114 1312 4200 possit2).

376 4252 396 4311 ¹)
414 4255 523 4318 Kopion
541 4253 550 4301 i
568 4253 743 4316 Konigsberg
762 4253 812 4301 har
830 4252 971 4302 Nolasrat.

376 4334 397 4395 ²)
414 4339 459 4389 Jfr
486 4338 586 4387 euitat
612 4338 709 4387 Adolfs
736 4338 798 4386 bret
824 4337 869 4386 tlll
896 4337 982 4387 Jacob
1010 4339 1051 4387 De
1078 4338 1105 4387 la
1131 4339 1231 4389 Gardle
1258 4338 1288 4388 st
1309 4339 1334 4387 d.
1354 4342 1368 4386 6
1387 4338 1450 4388 Oka
1471 4344 1539 4390 1626

292 4422 420 4481 (Svenskt
437 4422 604 4484 rilrsreglstr.
625 4425 698 4482 1626,
717 4421 765 4470 fol.
786 4422 844 4479 700)
863 4427 934 4471 samt
950 4422 1046 4472 Firchs
1065 4422 1126 4471 bret
1143 4423 1189 4472 till
1207 4424 1340 4473 kanslern
1358 4422 1389 4470 al
1403 4423 1429 4471 d.
1445 4428 1457 4470 l
1472 4424 1538 4474 Okt.

292 4506 520 4563 (Oxsnstlernska
538 4506 710 4569 semllngen),
729 4506 806 4555 hvarl
825 4506 853 4555 F.
872 4506 1023 4565 meddelar,
1043 4511 1086 4555 att
1102 4507 1156 4556 hen
1169 4521 1233 4556 vore
1247 4508 1315 4557 saud
1328 4506 1374 4557 till
1386 4507 1538 4571 konungen

293 4591 322 4639 al
348 4590 432 4639 Polen
455 4591 498 4638 lor
520 4595 563 4639 stt
581 4590 697 4639 utverka
715 4589 1043 4639 neutralitetsrlllkorens
1062 4588 1242 4651 beiraltelse,
1261 4598 1332 4640 samt
1350 4592 1439 4641 under
1456 4593 1540 4643 tlden

293 4671 419 4723 anhdller
437 4687 480 4722 om
500 4687 533 4722 en
552 4674 633 4723 order
651 4687 708 4723 som
727 4674 779 4723 den
798 4674 881 4722 ossan
900 4674 1057 4723 relaterade
1075 4675 1120 4723 tlll
1138 4673 1179 4722 De
1197 4677 1224 4723 la
1243 4675 1351 4724 Gardie.
