3212 5352
1212 391 1272 454 201

52 578 144 620 mur.
195 556 285 637 Quid
318 558 405 621 enim
438 557 667 622 commiserunt
692 556 897 642 subdelegati
924 557 1036 635 nostri,
1060 570 1097 622 ut
1117 557 1152 621 in
1175 557 1241 621 illis
1259 558 1317 642 jus

51 658 217 744 gentium
239 656 435 722 violaretur?
478 656 610 722 Scilicet
630 658 716 722 intra
738 657 818 721 fines
840 657 952 745 Magni
973 658 1119 721 Ducatus
1133 657 1317 722 Lithuaniae

52 758 164 844 pauci
197 757 356 833 homines,
389 757 527 822 modesti
559 757 744 844 literatique
772 772 805 823 ct
826 758 974 833 inermes,
998 781 1094 822 unam
1117 772 1245 823 noctem
1269 782 1316 823 se·

53 859 165 923 motis
199 858 429 923 deductoribus
455 857 653 946 petulantius
675 858 804 935 versati,
826 858 961 923 classico
984 880 1018 922 se
1040 881 1104 923 non
1128 858 1317 944 subdelega-

52 974 121 1036 tos,
163 960 220 1024 sed
254 959 363 1024 hostes
396 980 465 1023 esse
492 959 603 1023 testati
628 962 719 1023 sunt!
764 958 868 1023 Credo
890 957 924 1022 id
945 958 1164 1045 subdelegatis
1186 959 1316 1037 nostris,

52 1059 157 1146 quod
180 1060 259 1124 olim
283 1058 337 1122 ovi
359 1058 438 1146 lupo
460 1081 574 1145 aquam
597 1058 741 1123 turbanti
760 1059 947 1124 fabulantur
962 1059 1146 1146 contigisse.
1179 1060 1315 1147 Signum

52 1183 157 1236 vero,
179 1160 267 1225 tubas
289 1160 411 1239 datum,
434 1182 491 1246 pro
513 1158 647 1223 classico
669 1159 782 1245 accipi,
805 1160 911 1238 miror,
933 1182 1008 1223 cum
1030 1181 1068 1223 eo
1091 1160 1163 1224 loeo
1184 1159 1317 1224 feciales

53 1283 91 1325 se
117 1260 237 1347 potins
260 1282 348 1324 more
371 1260 516 1346 gentium
539 1273 631 1325 sueto
653 1259 859 1340 declararint;
882 1259 1073 1325 deductores
1092 1283 1169 1326 vcro
1189 1272 1317 1325 constat

52 1374 211 1426 remotos
244 1383 308 1425 non
342 1359 629 1449 subdelegatorum
663 1383 808 1425 meorum
840 1360 932 1439 vitiu,
965 1360 1021 1426 sed
1054 1361 1139 1448 quod
1169 1361 1316 1425 comitari

54 1462 206 1527 ulterius
234 1461 368 1537 nollent,
390 1474 427 1525 ut
448 1460 482 1526 id
505 1460 597 1547 quasi
620 1483 663 1525 ex
685 1462 863 1547 composito
885 1460 1007 1526 factum
1029 1462 1185 1548 suspicari
1208 1461 1315 1527 liceat.

55 1563 138 1628 Nec
168 1563 274 1639 video,
303 1584 398 1648 quem
426 1561 551 1626 salvum
574 1562 768 1627 conductum
791 1562 988 1627 nostratibus
1010 1562 1079 1627 dari
1101 1562 1219 1641 velitis,
1242 1585 1316 1626 cum

54 1664 131 1750 ipsi
166 1687 185 1728 a
210 1662 306 1727 nobis
328 1663 398 1748 pari
419 1662 571 1748 exemplo
593 1663 739 1727 invitatis
763 1662 853 1727 missi
875 1675 988 1740 essent,
1012 1675 1049 1727 ut
1072 1663 1110 1728 ad
1133 1663 1317 1727 commissa·

56 1764 134 1829 rios
168 1778 293 1828 vestros
323 1765 505 1850 expetitum
527 1763 670 1847 diploma
692 1763 872 1828 securitatis
895 1762 1065 1842 deferrent,
1088 1763 1245 1850 nobisque
1268 1787 1317 1828 ca·

57 1865 138 1929 veri
163 1864 318 1943 facerent,
346 1864 450 1950 deque
472 1864 594 1929 caeteris
617 1877 750 1951 agerent
770 1863 873 1927 futuri
896 1874 1050 1928 tractatus
1071 1863 1316 1952 praeparatoriis.

59 1969 114 2030 At
148 1965 178 2029 si
211 1965 313 2029 nimia
338 1963 535 2029 confidentia
556 1963 704 2029 candoris
725 1963 823 2029 vestri
846 1977 954 2029 nostra
975 1986 1178 2041 errassemus,
1201 1964 1316 2030 saltem

60 2079 229 2132 vestrates
262 2089 281 2129 a
312 2063 473 2130 violandis
506 2064 625 2130 nostris
652 2065 873 2153 subdelegatis
899 2064 934 2129 id
955 2064 1118 2129 retrabere
1141 2065 1317 2142 debuisset,

62 2169 167 2253 qnod,
192 2166 289 2253 primi
312 2188 331 2229 a
353 2165 516 2230 Polonicis
538 2165 764 2230 commissoriis
787 2188 823 2230 ac
846 2166 960 2252 saepius
983 2164 1158 2242 sollicitati,
1182 2166 1316 2230 eandem

63 2267 167 2334 fidem
203 2291 241 2331 ac
274 2267 478 2332 securitatem
512 2265 708 2331 nostratibus
742 2280 904 2331 servatum
930 2267 981 2345 iri,
1004 2289 1098 2353 qnam
1121 2266 1318 2331 vestratibus

63 2367 293 2445 exhibuimus,
317 2366 430 2431 confisi
453 2366 563 2431 simus.

153 2473 221 2533 Ast
242 2467 329 2553 quod
353 2467 491 2532 muneris
514 2468 578 2533 mei
601 2467 702 2531 lllttas
724 2481 831 2532 vestra
846 2467 965 2532 adserit
980 2467 1080 2532 fuisse
1096 2466 1236 2544 obviare,
1253 2490 1318 2553 quo

64 2571 179 2634 minus
200 2568 341 2633 induciae
364 2583 475 2633 contra
491 2568 548 2653 jus
570 2569 716 2656 gentium
738 2567 946 2647 violarentur,
968 2568 1001 2633 id
1022 2568 1150 2632 nemine
1165 2581 1318 2634 monente

64 2670 185 2735 lubens
209 2689 365 2755 agnosc03
388 2669 508 2733 bellurn
531 2691 606 2732 vero
630 2691 648 2732 a
669 2668 763 2733 nobis
782 2683 906 2733 motum
922 2682 1034 2733 contra
1048 2683 1143 2755 pacta
1157 2683 1319 2734 conventa

65 2786 102 2835 at
124 2769 346 2859 pendentibus
367 2769 508 2835 induciis
530 2782 595 2833 tam
619 2769 772 2834 audacter
793 2783 826 2834 et
848 2783 959 2835 contra
980 2770 1184 2834 conscientiae
1205 2770 1318 2834 stimu-

65 2872 116 2936 los
152 2870 316 2935 adfirmari
349 2870 497 2934 demiror.
552 2870 623 2933 Hoc
656 2869 751 2935 unice
785 2893 804 2934 a
830 2870 861 2933 S.
889 2871 925 2935 R.
949 2871 1037 2947 Mae,
1060 2871 1135 2935 d=no
1159 2892 1231 2935 meo
1253 2870 1317 2935 cle·

67 2972 285 3049 meritissime,
318 2984 368 3036 tot
402 2993 501 3035 annos
533 2992 619 3034 nuno
646 2971 742 3034 armis
769 2993 854 3034 nunc
878 2972 965 3057 pacis
988 2970 1176 3035 tractatibus
1199 2983 1317 3049 actum,

66 3086 106 3137 ut
135 3075 229 3158 justa
262 3084 297 3136 et
328 3093 439 3136 secura
471 3070 687 3157 tranquillitas
715 3071 829 3158 sopitis
856 3072 1081 3137 controversiis
1107 3072 1315 3136 obtineretur.

66 3174 133 3239 Hic
166 3172 253 3251 linis,
288 3171 340 3237 hic
367 3194 485 3257 scopus
511 3194 738 3257 suspensorum
762 3195 930 3250 armorum,
954 3172 1020 3237 haec
1043 3173 1109 3236 sola
1131 3194 1236 3249 causa,
1259 3195 1317 3237 cur

67 3286 242 3363 prorogata
276 3296 359 3337 anno
393 3273 476 3337 1624
509 3295 669 3336 armorum
695 3273 839 3351 cessatio,
863 3286 900 3337 ut
921 3272 1047 3337 seilicet
1069 3273 1211 3360 spacium
1234 3286 1317 3337 esset

66 3389 202 3463 pacatos
231 3385 388 3438 tractatus
414 3372 615 3439 instituendi.
660 3374 757 3438 Dicat
779 3373 879 3438 lllztas
902 3386 1007 3439 vestra
1027 3374 1111 3458 (eius
1134 3373 1219 3438 enim
1242 3396 1317 3437 eon·

66 3476 242 3540 scientiam
266 3474 410 3561 adpelle)
432 3474 615 3561 potueritne
638 3473 701 3538 hue
724 3474 813 3539 flecti
835 3475 905 3539 Rex
928 3473 1051 3539 vester?

155 3577 275 3641 Literae
297 3588 480 3640 senatorum
496 3576 602 3663 Regni
618 3574 758 3639 Poloniae
773 3576 948 3662 Magnique
964 3576 1110 3640 Ducatus
1122 3575 1316 3655 Litbnaniae,

64 3677 235 3766 praetcrito
270 3699 353 3741 anno
386 3690 420 3741 et
452 3675 513 3740 hoc
536 3674 703 3740 nobiscum
725 3689 939 3753 commutatas,
962 3676 1027 3740 sint
1048 3676 1240 3763 interpretes
1262 3700 1317 3741 vo·

64 3777 208 3843 luntatis
230 3776 331 3863 Regis
354 3776 617 3863 Reiquepublicae
640 3788 764 3840 vestrae.
804 3774 935 3840 Monitis
958 3799 1087 3863 quoque
1104 3791 1137 3851 et
1152 3777 1317 3863 requisitis

65 3877 364 3943 commissariorum
387 3890 567 3942 vestrorum
590 3876 687 3941 huius
709 3878 794 3952 anni,
816 3879 894 3942 dum
917 3889 1077 3963 potestate
1099 3900 1135 3942 ac
1158 3878 1317 3943 mandatis

66 3979 189 4068 agendi
225 4001 290 4042 non
323 3976 515 4044 muniuntur
547 3976 699 4064 omnique
733 3978 850 4042 effectu
885 3977 1115 4056 destituuntur,
1149 4000 1316 4065 quousque

67 4080 220 4144 insistere
243 4079 381 4156 licuerit,
404 4102 468 4143 non
491 4080 684 4166 ignoramus.
730 4081 780 4142 Ac
803 4078 829 4142 si
852 4078 924 4163 quis
940 4078 1146 4151 dubitaverit,
1163 4100 1315 4165 quorsum

67 4179 182 4245 isthaec
215 4179 340 4244 directa
371 4178 502 4257 fuerint,
534 4202 622 4243 nunc
651 4179 858 4244 consideratis
880 4192 1059 4266 temporum
1084 4180 1255 4245 momentis
1279 4203 1316 4243 ac

70 4281 185 4367 iniqua
216 4277 498 4367 subdelegatorum
530 4294 712 4344 nostrorum
744 4279 930 4357 violatione,
964 4302 1093 4344 causam
1119 4279 1315 4368 ambigendi,

69 4382 104 4447 ni
138 4381 288 4468 desipiat,
322 4381 443 4445 nullam
472 4380 579 4446 habet.
628 4380 724 4446 Certe
747 4380 980 4445 commissarios
1002 4393 1134 4458 vestros,
1157 4382 1213 4468 qui
1236 4380 1316 4445 adeo

69 4482 237 4559 instanter,
272 4481 333 4546 etsi
359 4481 449 4545 nulla
470 4495 630 4568 potestate
653 4481 780 4559 muniti,
803 4503 860 4545 nos
883 4480 943 4546 hoc
966 4504 1048 4546 anno
1072 4482 1111 4546 ad
1135 4483 1315 4567 suspensio·

68 4606 143 4649 nem
178 4604 340 4647 armorum
373 4580 569 4670 instigarunt
601 4604 781 4669 urgereque
811 4594 982 4647 tractatum
1007 4582 1108 4646 videri
1130 4582 1315 4658 voluerunt,
