3288 5330
326 356 390 420 440

286 538 378 588 cretae
401 537 477 588 sunt
499 514 766 601 contributiones,
789 523 889 609 vulgo
913 523 1047 609 pabores
1070 522 1175 597 dictae,
1198 523 1290 601 binae,
1313 537 1346 588 et
1368 525 1409 588 de
1432 524 1530 609 pluri·

287 626 346 687 bus
381 624 419 688 ad
454 624 599 701 Ordines,
633 625 689 711 qui
722 625 810 688 domi
844 637 927 701 sunt,
960 623 1108 688 relatum.
1164 623 1304 687 Comitia
1332 623 1400 687 haee
1427 638 1531 687 extra·

287 725 445 790 ordinaria
477 726 568 789 fuere
601 726 726 790 dierum
756 728 811 804 143
835 739 867 789 at
894 724 960 801 illa,
983 746 1052 810 quae
1077 747 1161 787 nune
1184 723 1223 786 ad
1247 723 1462 788 Bacchanalia
1483 725 1531 787 in·

286 840 371 890 stant
404 824 632 903 Warsehariae,
667 848 738 889 cum
773 826 838 889 sint
870 825 991 888 maiora
1024 837 1057 888 et
1089 824 1258 899 ordinaria,
1289 847 1352 888 non
1375 825 1532 889 carebunt

286 927 353 990 suis
382 926 653 1004 contentionibus,
682 943 715 989 et
742 948 799 989 nos
822 926 861 990 de
884 926 1063 989 animorum
1088 939 1177 989 motu
1199 925 1409 1011 consiliisque
1432 924 1532 989 hosti·

285 1026 371 1091 libus
394 1028 584 1091 edocebunt.

371 1128 420 1192 De
456 1127 570 1191 Ducali
605 1127 754 1191 Borussia
788 1127 889 1191 multa
921 1126 1001 1190 mihi
1027 1142 1103 1190 sunt
1124 1126 1307 1208 scriptionis
1331 1140 1531 1214 argumenta,

286 1229 313 1292 si
346 1242 516 1315 pertexere
549 1240 677 1314 ternpus
710 1241 802 1291 esset.
857 1229 966 1292 Mense
998 1227 1186 1292 Decembris
1219 1227 1329 1314 elapso
1361 1229 1533 1292 institutus

287 1329 445 1393 Ordinum
479 1342 656 1393 conventus
689 1328 753 1392 fuit
786 1329 1003 1416 Regiomonti,
1035 1344 1190 1415 prasente
1213 1329 1306 1393 etad
1330 1327 1452 1393 bellum
1476 1330 1531 1391 sti-

286 1431 429 1493 mulante
453 1430 527 1493 d:n0
550 1430 589 1493 de
613 1428 721 1506 Cema,
744 1429 914 1516 capitaneo
937 1428 1110 1508 Sturnensi,
1127 1429 1234 1515 legato
1257 1429 1355 1517 Regis
1379 1430 1532 1493 Poloniae.

287 1531 523 1607 Neutralitatis,
557 1531 657 1594 semel
691 1543 825 1615 receptae
858 1554 876 1592 a
903 1529 1166 1615 Regiomontanis
1193 1531 1289 1616 idque
1313 1529 1447 1594 adsensu
1472 1524 1533 1593 Re-

287 1646 432 1715 gentum,
459 1632 737 1695 conservationem
766 1644 800 1695 et
826 1632 864 1695 ad
887 1643 1011 1694 ceteros
1034 1631 1169 1697 Ordines
1191 1633 1414 1696 extensionem
1438 1653 1532 1718 urge·

288 1733 343 1796 bat
374 1734 467 1795 denus
500 1730 740 1807 Godemannus,
765 1731 919 1796 Residens
945 1732 1066 1795 ibidem
1101 1732 1199 1818 Regis
1222 1736 1295 1796 mei.
1340 1731 1533 1817 Regiomon-

287 1833 355 1897 tani
388 1832 626 1896 constituerunt
656 1831 731 1896 huic
754 1845 938 1896 constanter
958 1833 1122 1909 inherere,
1145 1855 1249 1919 neque
1271 1833 1370 1896 eet-eri
1393 1831 1533 1896 Ordines

288 1933 439 1996 videntur
471 1933 509 1996 sb
536 1933 679 1996 amicitia
705 1933 874 1997 nobiscum
903 1934 1057 1997 servanda
1083 1932 1191 1998 alieni.
1236 1933 1387 1998 Ceterum
1411 1932 1533 1996 dilatus

287 2048 466 2098 conventus
503 2034 567 2096 fuit
604 2034 644 2096 ob
682 2035 860 2098 absentiam
892 2033 1054 2098 Electoris
1087 2033 1343 2120 Brandeburgici
1376 2034 1410 2097 in
1445 2033 1531 2096 hune

287 2156 430 2199 mensem
463 2134 623 2207 danuarii
657 2147 690 2199 et
723 2138 752 2220 ¹5³
780 2135 850 2198 eius
877 2135 917 2199 de
944 2157 1029 2198 novo
1051 2147 1164 2221 ceptus
1186 2148 1244 2212 est,
1268 2158 1325 2220 spe
1347 2134 1530 2198 Electorem

288 2250 362 2299 ants
395 2235 465 2300 eius
498 2236 623 2299 exitum
658 2235 854 2299 adfuturum.
910 2234 992 2299 Mihi
1020 2235 1194 2300 verisimile
1220 2259 1283 2299 non
1308 2235 1448 2311 videtur,
1471 2232 1531 2297 hoe

287 2359 393 2400 rerum
428 2336 679 2399 Marehiacarum
714 2350 810 2413 statu,
846 2349 882 2400 ut
908 2336 986 2399 alias
1008 2337 1211 2421 gravissimas
1233 2335 1375 2400 rationes
1398 2348 1531 2412 taceam,

289 2436 471 2500 Electorem
504 2435 655 2523 neglecta
687 2437 917 2501 Electoralinm
950 2436 1109 2501 ditionum
1143 2436 1246 2500 salute
1279 2436 1312 2499 in
1347 2436 1530 2501 Borussiam

289 2550 469 2601 venturum.
527 2536 621 2601 Unde
655 2537 786 2601 consilia
820 2551 855 2600 ut
883 2537 966 2600 Duci
990 2536 1140 2623 ambigue
1162 2551 1194 2601 et
1218 2537 1384 2623 perplexa,
1407 2537 1456 2601 ita
1478 2538 1532 2601 01·

289 2635 418 2702 dinibus
451 2637 582 2701 absente
616 2639 690 2701 dmo
723 2661 786 2701 non
814 2638 920 2701 minus
942 2636 1040 2702 dubia
1063 2652 1097 2702 et
1117 2638 1239 2703 incerta
1262 2638 1421 2715 videntur,
1446 2652 1532 2703 metu

289 2738 390 2802 totius
424 2737 501 2802 belli
528 2740 567 2803 ad
591 2761 624 2801 se
647 2737 869 2815 transferendi,
893 2745 917 2802 si
940 2761 999 2801 nos
1022 2738 1130 2802 hostes
1152 2739 1326 2815 declarant,
1351 2756 1408 2804 aut
1431 2764 1531 2827 popu·

289 2840 448 2903 lotionum
485 2838 718 2914 Poloniearum,
756 2839 782 2902 si
821 2840 976 2903 abnuunt.
1034 2839 1207 2904 Polonicus
1242 2840 1327 2904 enim
1362 2842 1531 2914 exereitus,

290 2941 393 3005 omnis
421 2939 601 3025 disciplinae
623 2940 798 3026 impatiens
822 2964 857 3004 ac
880 2940 1075 3019 inassuetus,
1099 2954 1236 3028 vagatur
1259 2941 1387 3027 ubique,
1411 2955 1446 3005 et
1468 2962 1531 3004 sus·

289 3064 352 3128 que
374 3042 480 3128 deque
502 3041 566 3105 fert
587 3053 652 3105 tam
676 3042 795 3105 amieos
819 3064 916 3127 quam
939 3042 1100 3120 inimicos3
1123 3065 1228 3128 neque
1251 3042 1424 3129 quicquam
1448 3041 1530 3127 apud

288 3142 381 3207 illum
416 3141 496 3206 sacri
530 3154 588 3215 est,
623 3143 724 3227 magis
758 3141 832 3215 suis,
866 3165 946 3228 quos
980 3144 1064 3205 tueri
1094 3141 1239 3219 debebat,
1268 3165 1363 3228 quam
1387 3142 1531 3206 hostibus

288 3244 405 3329 gravis.
438 3242 506 3304 Nos
528 3242 624 3316 enirn,
652 3240 730 3305 lieet
750 3240 867 3317 hostes,
892 3242 1016 3306 miseris
1040 3257 1073 3307 et
1095 3243 1297 3329 supplicibus
1322 3246 1531 3329 pepercimus,

288 3364 388 3428 parvo
421 3341 563 3405 subsidio
596 3342 756 3421 contenti3
790 3343 892 3408 hostis
926 3357 1044 3420 autem,
1075 3358 1140 3409 tam
1168 3344 1299 3431 iniquus
1322 3366 1418 3429 quam
1443 3358 1531 3408 vetus

288 3436 391 3519 (lmus,
424 3455 541 3505 cuncta
572 3443 692 3529 rapinis
726 3467 762 3507 ae
795 3445 954 3508 incendiis
983 3444 1130 3519 absumit,
1160 3467 1193 3507 se
1219 3467 1340 3530 suaque
1364 3456 1531 3508 conterens

288 3565 363 3608 oum
386 3541 536 3617 ludibrio,
560 3556 597 3605 ut
618 3544 711 3608 nobis
733 3568 815 3630 aegre
837 3542 945 3608 faciut.

374 3643 463 3707 Inter
494 3667 553 3707 nos
586 3667 663 3708 vero
691 3657 724 3708 et
745 3644 881 3723 hostem,
904 3658 996 3708 sueto
1020 3644 1092 3709 loco
1115 3647 1153 3710 ad
1177 3644 1407 3709 Derschaviam
1431 3660 1531 3709 eastra

290 3745 469 3820 habentem,
503 3744 584 3808 nihil
618 3745 726 3831 magni
749 3747 904 3810 momenti
927 3769 946 3809 a
967 3746 1109 3810 discessu
1133 3746 1232 3833 Regis
1256 3745 1319 3809 mei
1343 3759 1450 3809 actum
1475 3759 1529 3808 est.

290 3845 402 3910 Hostis
436 3846 521 3909 enim
556 3847 666 3909 castris
694 3846 760 3910 suis
787 3869 820 3910 se
843 3847 1012 3910 continens
1036 3852 1092 3911 nos
1114 3847 1272 3922 observat,
1297 3845 1429 3911 Gedano
1452 3846 1530 3909 eius·

290 3970 351 4032 que
385 3945 564 4010 actionibus
591 3945 748 4021 imminet,
777 3962 810 4010 et
832 3945 936 4033 glaeie
959 3960 1107 4011 concreto
1134 3946 1261 4010 Vistula
1284 3947 1418 4011 miseros
1440 3946 1530 4010 rusti·

289 4070 344 4110 cos
367 4048 509 4111 divexat.
553 4046 622 4109 Nos
644 4046 779 4111 militem
804 4060 947 4111 nostrum
968 4048 1002 4111 in
1027 4046 1170 4132 hyberna
1192 4048 1369 4112 deductum
1385 4047 1529 4136 Elbirrgn

290 4170 326 4212 ac
363 4147 560 4234 Marieburgi
597 4146 762 4225 habemus,
798 4161 836 4212 ut
869 4148 1033 4212 reliciat-ur
1065 4172 1084 4212 a
1116 4148 1289 4227 laboribus,
1323 4163 1529 4236 temporeque

289 4249 457 4313 commodo
490 4247 524 4312 in
558 4271 708 4333 campum
742 4247 905 4314 educatur.
961 4249 1093 4313 Interim
1117 4250 1200 4314 fiunt
1220 4250 1306 4314 inter
1327 4249 1528 4338 pabulatores

290 4348 483 4437 quotidianae
506 4348 720 4427 velitationes,
744 4348 778 4413 in
801 4350 916 4436 quibus
938 4349 1052 4413 divine
1073 4351 1250 4416 auxiliante
1273 4350 1448 4415 clementia
1462 4351 1528 4414 hac·

291 4466 382 4515 tenus
405 4474 531 4536 semper
551 4451 667 4537 fugato
690 4450 782 4517 hoste
805 4466 911 4538 partes
935 4451 1074 4537 potiores
1097 4452 1304 4528 obtinuimus,
1329 4466 1426 4537 atque
1446 4452 1527 4516 diet
