3264 5354
357 442 401 508 84

314 610 413 675 armis
446 624 504 674 sut
536 609 650 674 borum
678 610 749 674 loco
771 610 970 696 stipendium
991 610 1051 675 4zti
1072 611 1190 675 mensis
1209 611 1277 695 jsrn
1300 610 1409 674 statim
1432 608 1568 673 sosine

317 734 406 775 mors
434 711 610 787 mudantur,
637 723 676 774 ut
701 708 871 797 expeditio
894 710 954 775 hoc
978 733 1061 775 anno
1082 710 1202 797 suscipi
1223 709 1399 797 hostisque,
1423 709 1501 773 dum
1525 708 1569 771 cb

316 812 391 876 aliis
427 810 611 885 infestatur,
643 811 746 896 premi
780 811 890 896 possit.
945 811 1017 875 Rex
1051 826 1156 875 eutem
1192 833 1282 875 meus
1314 824 1423 876 cetera
1456 810 1571 874 omnie

319 912 495 976 necessaria
531 925 565 975 et
598 924 759 975 tormenta
794 910 911 976 bellica
942 926 977 976 et
1009 910 1175 996 pulverem
1210 910 1338 996 pyrium
1371 924 1405 975 ct
1438 910 1570 996 reliqua

319 1011 558 1076 munitionum
580 1034 699 1099 genera
721 1024 817 1098 atque
839 1013 1050 1076 instrumenta
1071 1011 1140 1076 sine
1161 1033 1257 1075 onere
1277 1010 1472 1097 reliquorum
1489 1034 1569 1075 con·

314 1113 545 1178 foederatorum
566 1112 832 1176 subministrabit
877 1112 1042 1198 Siquidem
1065 1136 1115 1177 res
1139 1112 1189 1175 ·S.
1213 1113 1250 1176 R.
1276 1112 1367 1176 Meti*
1389 1112 1501 1177 futura
1516 1127 1571 1179 est

314 1237 394 1279 cum
418 1215 550 1300 antiquo
572 1211 664 1277 hoste
689 1213 861 1290 'Polono'‚
885 1213 940 1299 qui
964 1213 1031 1278 sine
1053 1213 1153 1277 dubio
1175 1235 1208 1278 se
1231 1229 1280 1276 est
1301 1213 1510 1300 oppositurus
1533 1226 1571 1278 et

314 1317 490 1380 transitum
526 1314 753 1400 denegaturus,
788 1328 880 1377 tanto
914 1314 1004 1379 'Rex
1038 1315 1148 1379 meus*
1181 1328 1215 1378 et
1247 1314 1425 1379 necessaris
1456 1315 1572 1378 omnia

320 1416 502 1503 promptius
535 1415 689 1490 conferet,
723 1428 757 1477 et
783 1416 869 1500 quod
897 1416 988 1479 deest
1010 1414 1114 1501 copiis
1134 1415 1434 1488 confoederatorum,
1456 1436 1572 1500 sump-

320 1517 408 1581 tibus
436 1516 604 1601 militeque
632 1538 688 1577 suo
712 1515 878 1601 supplebit
899 1528 933 1579 et
954 1515 1095 1602 augebit.
1140 1516 1271 1580 Additis
1294 1537 1432 1601 numque
1456 1516 1497 1579 16
1520 1538 1572 1579 re·

320 1619 474 1705 gimentis
497 1616 642 1702 peditum
667 1615 915 1680 'Suecicorum*
939 1631 973 1680 et
994 1616 1098 1680 tribus
1121 1616 1264 1680 millibus
1287 1617 1433 1702 equitum
1451 1628 1572 1702 praeter

316 1741 385 1793 eos,
418 1716 474 1803 qui
508 1716 720 1780 *Livoniam'
755 1717 907 1780 adversus
940 1716 1120 1781 Lithuanos
1148 1729 1181 1782 et
1209 1739 1294 1781 mare
1315 1717 1351 1780 in
1372 1716 1473 1780 classe
1498 1729 1572 1781 tue·

318 1820 450 1893 buntur,
473 1817 652 1882 exercitum
676 1816 754 1880 satis
774 1817 917 1881 validum
940 1832 1092 1904 putamus
1113 1818 1272 1893 futurum,
1296 1817 1352 1903 qui
1372 1816 1467 1880 initio
1486 1815 1572 1880 'Po-

319 1919 452 1982 lonum*
475 1918 682 2005 aggrediatur
704 1918 937 2003 transitumque
960 1918 1019 1982 sibi
1044 1919 1176 2005 aperiat,
1201 1918 1302 1982 donec
1324 1940 1399 1981 cum
1420 1932 1571 2003 tempore

316 2020 404 2084 vires
427 2031 611 2083 sucrescunt
633 2019 816 2082 accessione
838 2040 959 2095 eorum,
982 2019 1037 2104 qui
1061 2041 1146 2083 nunc
1169 2019 1228 2082 sub
1247 2019 1330 2105 jugo
1346 2017 1574 2105 ingemiscunt

316 2134 354 2185 et
376 2121 482 2184 silent.
528 2119 587 2183 flae
610 2118 711 2206 copise
733 2117 914 2182 suffectum
935 2119 1085 2183 videntur
1106 2119 1209 2182 initio.

404 2220 534 2295 Itinera,
567 2220 685 2305 quibus
717 2220 869 2283 transitus
903 2219 993 2283 nobis
1019 2219 1197 2303 capiendus
1225 2219 1288 2284 erit
1309 2220 1342 2283 in
1367 2219 1570 2297 *silesiam·‚

315 2322 384 2385 duo
418 2335 544 2384 tantum
577 2336 664 2384 sunt:
700 2342 800 2383 unum
827 2320 866 2384 ad
894 2318 1073 2384 'Oderam'
1097 2342 1154 2407 per
1178 2319 1444 2385 ‘pomeraniam'
1469 2334 1572 2407 atque

320 2421 549 2498 'blarchiam*‚
582 2421 717 2485 alterurn
751 2420 791 2484 ad
819 2420 938 2485 limites
966 2421 1202 2485 'Pomeraniae''
1232 2444 1267 2484 ac
1291 2420 1487 2485 'Marcbiae‘'
1511 2443 1575 2506 per

321 2522 535 2599 'Berussiam
570 2522 779 2585 Cassubiam'
813 2535 847 2585 et
880 2521 1033 2605 Majorem
1065 2521 1283 2586 'Poloniam',
1332 2521 1417 2586 lllud
1440 2521 1505 2585 iter
1529 2522 1574 2585 sd

323 2622 500 2688 'Oderam'
527 2621 640 2686 multis
667 2623 706 2687 de
734 2623 839 2687 causis
862 2621 935 2707 capi
958 2645 1021 2686 non
1044 2635 1160 2709 potest,
1184 2623 1271 2708 quod
1294 2624 1335 2688 sit
1356 2621 1575 2688 coniunctum

316 2746 395 2786 cum
418 2724 535 2788 damno
557 2738 590 2787 et
613 2724 789 2787 offensione
812 2723 988 2787 amicorum
1011 2739 1044 2787 et
1065 2724 1357 2802 confoederatorum,
1377 2724 1574 2809 hostemque

319 2847 365 2887 ex
401 2825 467 2887 suis
503 2824 537 2887 in
574 2823 689 2888 horum
726 2823 865 2889 ditiones
903 2823 1056 2902 attrahat;
1092 2848 1152 2889 nec
1185 2849 1258 2889 cum
1292 2826 1395 2913 grstia
1428 2825 1574 2889 obtineri

318 2925 438 3011 poesit;
460 2937 495 2988 ct
515 2925 655 3011 denique
678 2926 765 3010 quod
787 2925 926 3011 prebeat
942 2924 1106 2989 'Polono''
1121 2926 1308 2989 facultatem
1325 2925 1404 2990 belli
1418 2927 1454 2989 in
1470 2926 1574 3013 Regis

323 3026 386 3091 mei
423 3025 562 3089 ditiones
598 3025 791 3090 divertcndi.
847 3025 998 3090 Alterum
1036 3024 1075 3088 ad
1112 3025 1231 3089 limites
1265 3026 1503 3090 *pomum*
1539 3044 1575 3089 et

321 3126 514 3191 'ntarchiac
537 3150 595 3212 per
616 3127 717 3214 ipsam
743 3126 951 3190 'poloniam‘
975 3127 1175 3191 commodius
1196 3139 1252 3202 est,
1268 3138 1335 3189 tum
1352 3126 1439 3212 quod
1453 3142 1574 3189 noceat

319 3228 498 3305 'Polon0',
533 3227 616 3291 boeti
652 3227 702 3291 'S.
736 3228 773 3291 R.
808 3227 927 3301 Mztis’‚
953 3228 1056 3290 amico
1085 3248 1120 3291 ac
1143 3228 1356 3292 confedercto
1384 3225 1574 3302 'Caesaris*,

319 3344 391 3391 tum
414 3329 498 3415 quod
522 3327 613 3391 illum
637 3330 675 3393 ad
698 3351 757 3391 sua
778 3328 980 3392 defendenda
1003 3341 1099 3414 cogat
1120 3340 1154 3392 et
1173 3329 1213 3392 ab
1229 3328 1300 3392 eliis
1315 3327 1573 3415 cogitationibus

321 3429 497 3493 abstrahat.

408 3529 581 3595 Securituti
612 3544 719 3595 sutem
742 3531 833 3616 regni
857 3530 1017 3594 ’Sumite‘
1041 3531 1087 3593 sic
1110 3530 1315 3615 potissimum
1340 3528 1572 3615 prospicietur:

322 3630 462 3717 primum
497 3629 582 3694 bello
615 3631 648 3694 in
684 3630 892 3695 *Poloniam'
926 3630 1089 3704 translato,
1124 3653 1188 3716 quo
1220 3630 1261 3695 de
1290 3653 1323 3693 se
1346 3629 1573 3705 defendendis,

324 3755 388 3795 non
420 3732 459 3795 de
494 3732 587 3794 nobis
621 3730 849 3818 impugnandis
883 3730 1037 3796 *Poloni*
1071 3732 1277 3817 cogitabunt;
1304 3730 1422 3796 deinde
1446 3731 1473 3794 si
1497 3754 1574 3796 con·

322 3832 528 3897 fsederatione
563 3832 706 3896 amicitia
738 3834 824 3896 inter
858 3833 1001 3919 *Regem
1034 3832 1162 3896 meum*
1196 3846 1230 3895 et
1264 3832 1407 3919 *Regem
1436 3832 1572 3896 Danire'

322 3932 424 3997 fuerit
457 3947 611 3997 renovata
644 3948 677 3997 ct
709 3947 816 4011 aucts3
843 3933 939 3997 tertio
966 3932 1138 4018 sponsione
1161 3956 1197 3996 ac
1220 3932 1426 3997 fideiussione
1451 3933 1573 4019 'Regis

324 4035 505 4109 Britannice,
529 4034 686 4099 Ordiuum
710 4033 836 4121 Belgii*
860 4048 894 4098 et
908 4049 1090 4098 ceterorum
1105 4034 1405 4111 confaederatorum3
1429 4033 1573 4119 denique

319 4136 350 4199 ei
385 4136 476 4199 *Rex
509 4134 702 4199 Britanniae*
736 4148 770 4198 et
803 4134 958 4198 *Ordines
990 4133 1097 4220 Belgii
1127 4133 1156 4196 S.
1181 4133 1218 4197 R.
1246 4133 1379 4197 Mztem'
1402 4133 1572 4199 adsecuta·

323 4237 429 4300 verint
462 4237 501 4299 de
535 4236 658 4300 auxilio
692 4235 802 4299 classis
835 4257 899 4298 suae
926 4249 1038 4298 contre
1060 4234 1218 4321 quemvis,
1241 4234 1297 4320 qui
1319 4234 1414 4298 huius
1436 4235 1573 4320 expedi·

324 4336 421 4400 tionis
450 4350 594 4421 tempore
618 4336 740 4420 aliquid
762 4335 937 4400 tentaverit
959 4337 992 4399 in
1016 4335 1237 4421 praeiudicium
1261 4350 1317 4399 aut
1339 4337 1570 4401 detrimentum

321 4438 356 4499 S.
390 4438 427 4500 R.
463 4437 549 4500 blztis
577 4452 610 4500 et
642 4438 734 4523 regni
762 4437 933 4511 'Sueciae'‚
960 4437 1090 4522 suisque
1112 4435 1338 4522 prohibuerint
1358 4436 1419 4500 ulli
1443 4437 1572 4524 Regum

325 4550 380 4600 uut
403 4537 589 4622 Principum
613 4537 666 4599 vel
688 4536 1002 4622 rerumpublicarum
1024 4537 1155 4601 servitia
1174 4559 1232 4600 sua
1251 4537 1400 4601 addicere
1416 4536 1572 4603 adversus

321 4638 467 4723 *Regem
499 4638 627 4699 mcum*
656 4652 688 4700 ct
710 4660 857 4724 regnum,
879 4640 1014 4702 durante
1039 4638 1098 4701 hoc
1122 4637 1216 4701 belle.
1262 4638 1311 4701 De
1334 4637 1423 4701 bisce
1446 4638 1474 4702 si
1497 4660 1573 4703 cau·
