3298 5346
326 467 388 531 500

284 656 366 698 vzras
398 634 590 709 insisterem,
624 646 660 696 ut
693 633 789 698 enixe
823 633 1002 698 niterentur
1034 632 1121 696 omni
1154 631 1280 696 sublata
1300 630 1529 697 incertitudine

285 757 343 798 nos
375 736 409 798 in
442 734 606 821 proposito
640 732 775 811 firmare,
808 732 1115 820 tranquillitatisque
1149 746 1265 798 nostrae
1296 732 1416 796 invidie
1439 753 1531 818 spem

285 858 413 900 omnem
447 836 646 921 abrumpere.
702 834 747 898 Ea
783 833 863 897 mihi
891 847 940 898 est
961 835 1157 899 confidentia
1179 832 1373 898 sinceritatis
1396 856 1433 897 ac
1456 855 1529 896 con·

286 936 412 1001 stantiae
435 947 557 1013 vestrae,
581 950 618 999 ut
632 936 676 1012 id,
692 934 778 1021 quod
794 934 893 999 semel
910 934 1032 1020 placuit
1049 947 1082 999 et
1097 957 1115 998 e
1130 958 1164 999 re
1179 934 1244 998 fuit
1254 934 1450 1019 judicatum,
1465 955 1529 997 uon

286 1038 388 1123 possit
411 1037 549 1123 amplius
569 1034 748 1123 displicere,
771 1058 831 1099 nec
854 1035 892 1098 ad
915 1034 1045 1121 quasvis
1067 1047 1276 1121 tempestates
1292 1035 1420 1099 mutari.
1454 1034 1518 1098 Pru

286 1138 396 1202 dentia
429 1151 536 1201 autern
571 1151 678 1201 vestra
710 1159 748 1200 ea
771 1148 829 1213 est,
853 1148 890 1198 ut
911 1134 1005 1200 facile
1028 1134 1240 1222 provideatis,
1262 1134 1362 1199 nullis
1385 1134 1529 1199 consiliis

285 1238 347 1303 nisi
380 1237 598 1302 neutralitatis
631 1236 768 1301 exitium
801 1236 979 1301 Civitatum
1001 1250 1180 1300 vestrarum
1203 1236 1286 1300 etei
1310 1236 1528 1321 adjacentium

284 1337 465 1425 regionum,
499 1361 556 1402 seu
589 1360 647 1401 nos
681 1361 736 1403 seu
770 1336 927 1401 Polonum
950 1337 1112 1424 spectetis,
1136 1337 1375 1424 etquicunque
1398 1335 1529 1401 tandem

285 1439 427 1504 universi
460 1438 539 1505 belli
573 1438 682 1503 exitus
707 1438 835 1502 futurus
862 1437 915 1515 sit,
938 1438 1052 1502 evitari
1074 1456 1182 1524 posse;
1205 1437 1291 1502 unde
1314 1437 1435 1502 Drones
1457 1460 1529 1501 vzrae

286 1551 380 1604 caute
413 1539 697 1626 dijudicaverint¹)
729 1560 837 1602 eorum
873 1539 995 1602 animos
1018 1561 1054 1602 ac
1076 1538 1192 1616 studia,
1214 1538 1272 1624 qui
1293 1539 1453 1603 contraria
1478 1537 1529 1603 vel

287 1651 389 1704 astute
412 1652 599 1728 suggerunt,
622 1639 675 1703 vel
697 1638 896 1725 interpositis
919 1638 1014 1703 minis
1036 1651 1093 1702 ant
1114 1639 1251 1726 imperio
1266 1638 1443 1703 obtrudunt
1457 1661 1529 1703 con-

286 1740 368 1817 eilia,
401 1763 465 1804 non
498 1741 572 1805 illos
606 1740 667 1805 hoc
690 1762 795 1826 agere,
820 1752 856 1803 ut
878 1739 1036 1804 Dzonibus
1058 1740 1134 1804 vzris
1157 1754 1214 1804 uut
1235 1740 1352 1805 Ducali
1376 1739 1530 1804 Borusaiae

286 1842 368 1907 bene
403 1841 455 1918 sit,
488 1841 543 1907 sed
577 1857 614 1906 nt
646 1855 753 1905 vestro
786 1840 953 1927 sanguine,
977 1841 1091 1904 vestris
1113 1842 1240 1927 opibus,
1264 1854 1369 1904 vestro
1391 1840 1529 1927 denique

287 1941 389 2008 exitio
411 1965 468 2006 sua
490 1941 658 2007 commoda
681 1955 864 2006 mercentur
885 1953 918 2005 et
940 1962 1012 2004 suas
1034 1940 1206 2027 suppleant
1228 1941 1432 2027 cupiditates.

372 2044 448 2108 Haec
476 2043 627 2129 equidem
649 2066 713 2106 non
738 2043 842 2107 minus
865 2042 904 2107 sd
927 2042 1068 2129 reliquos
1091 2041 1227 2108 Ordines
1251 2041 1418 2120 Berussiae,
1434 2064 1528 2129 quarn

288 2145 326 2208 ad
354 2142 513 2208 Civitates
536 2143 805 2231 Regiomontanas
828 2143 1002 2230 pertinent.
1047 2143 1170 2207 Verum
1192 2142 1267 2208 ideo
1289 2143 1330 2207 dc
1352 2142 1441 2208 hisce
1457 2163 1530 2207 cum

287 2244 445 2309 Dzonibus
472 2243 547 2308 vzris
571 2266 631 2330 ago
653 2244 878 2322 confidentius,
900 2244 986 2330 quod
1009 2242 1100 2308 initis
1122 2245 1226 2329 pactis
1245 2243 1463 2308 neutralitatis
1478 2267 1531 2308 vo·

288 2343 411 2409 biscum
445 2343 589 2409 amicitia
621 2367 684 2409 uon
708 2369 767 2409 usu
791 2357 926 2423 tantum,
950 2357 987 2408 ut
1009 2366 1081 2408 cum
1105 2345 1230 2421 ceteris,
1257 2345 1312 2409 sed
1335 2357 1369 2408 et
1391 2343 1532 2431 publicis

286 2445 510 2510 instrumentis
546 2445 667 2509 firmata
695 2459 728 2511 et
761 2444 962 2510 consolidata
995 2447 1050 2524 sit3
1083 2444 1222 2531 ideoque
1245 2468 1295 2510 me
1318 2467 1390 2532 spes
1412 2458 1531 2520 teneat,

197 2551 202 2561 ’
287 2546 422 2612 eundem
456 2569 554 2632 opera
576 2558 682 2609 vestra
704 2569 789 2610 nunc
813 2546 947 2610 extendi
971 2568 1007 2610 ac
1030 2545 1171 2611 roborari
1194 2567 1296 2633 posse,
1319 2569 1359 2611 ne
1382 2546 1408 2610 ai
1432 2546 1533 2612 ceteri

287 2670 320 2712 se
343 2647 568 2725 subduxerint,
590 2659 724 2733 ruptura
746 2647 788 2710 sit
810 2646 945 2711 facilior.

371 2748 421 2812 De
455 2747 543 2812 hisce
579 2747 664 2832 jussi
697 2746 727 2811 S.
761 2748 798 2812 R.
834 2747 923 2811 Mztis
955 2746 1161 2813 secretarium
1184 2747 1397 2811 clarissimum
1421 2748 1532 2812 denum

288 2848 476 2934 Philippum
510 2847 679 2914 Sadlerum
713 2848 843 2913 uberius
876 2846 1040 2913 vobiscum
1074 2871 1168 2936 agere
1201 2862 1407 2935 mentemque
1430 2870 1534 2913 meam

288 2949 463 3036 explicare.
507 2949 612 3028 Quem
645 2962 682 3012 ut
715 2972 786 3013 meo
816 2949 946 3014 nomine
969 2949 1127 3014 benevole
1151 2950 1297 3013 auditum
1321 2948 1534 3036 habitumque

288 3063 475 3138 exspectato
508 3073 582 3114 cum
605 3072 758 3137 responso
780 3050 973 3136 quantocius
996 3049 1188 3136 expediatis,
1215 3072 1302 3136 rogo,
1324 3049 1412 3114 idem
1435 3050 1534 3116 officii

289 3175 379 3216 ame
402 3150 617 3238 opperientes,
640 3151 706 3238 qui,
729 3149 883 3237 quicquid
906 3173 1047 3237 possum,
1071 3151 1109 3215 ad
1125 3151 1246 3237 qumvis
1262 3149 1412 3215 amicitiae
1428 3151 1536 3217 officia

289 3275 415 3338 semper
448 3275 523 3316 cum
558 3251 716 3315 Dzonibus
738 3251 814 3316 vnis
837 3274 872 3315 sc
896 3251 1088 3316 vestratibus
1112 3264 1240 3337 paratus
1262 3251 1401 3316 futurus.
1447 3253 1535 3317 Deus

288 3351 430 3440 optimus
452 3352 613 3417 maximus
635 3351 771 3417 consilia
798 3364 904 3416 vestra
925 3351 1042 3438 dirigat
1063 3351 1097 3415 in
1119 3365 1265 3416 mutuam
1287 3375 1397 3440 pacem
1423 3364 1457 3417 et
1477 3376 1534 3419 nos

289 3467 467 3519 conservet.
513 3453 679 3517 Dabuntur
700 3452 848 3540 Elbingae
870 3453 922 3517 die
946 3453 1060 3518 ultima
1084 3452 1192 3517 Martii
1215 3456 1312 3517 Anno
1336 3455 1428 3519 1627.

375 3609 485 3659 Atellus
504 3609 697 3669 Oxenstlerna,
714 3612 764 3659 sto.

956 3706 1096 3769 Dzonum
1120 3703 1305 3770 Vestrarum
1327 3704 1451 3770 amicus

1027 3805 1167 3870 Axelius

1027 3906 1243 3973 Oxenstierna
1264 3930 1330 3994 mp.

377 4060 549 4127 Utaueltrift:
578 4062 738 4113 »Nobilibus
765 4068 848 4127 atqua
876 4062 1079 4126 Spectabilibua
1105 4060 1252 4128 D[omi]nls
1279 4063 1488 4114 Proconsulibas
1505 4068 1533 4113 et

290 4145 456 4197 Consulibus
473 4149 555 4197 trlnm
574 4147 723 4197 civitatum
742 4147 1028 4211 Beglollontanarum,
1047 4146 1142 4198 amicis
1160 4147 1367 4198 observandis».

373 4230 558 4281 Pateoknadt:
588 4230 691 4281 ›Pzntm
710 4231 736 4280 d.
756 4232 786 4280 1a
806 4231 884 4294 April
904 4234 994 4280 1627».

374 4364 454 4414 Elter
480 4366 599 4414 samtlda
625 4366 709 4429 kopla
735 4366 745 4415 l
768 4365 957 4424 statsarklvet,
975 4365 1158 4430 Konigsbsrg,
1175 4365 1296 4429 jimlbrd
1314 4366 1377 4416 med
1396 4365 1531 4417 afskriltl

290 4448 461 4498 darvarande
478 4448 716 4513 registratmband
734 4446 838 4513 (Ostpr.
857 4448 914 4499 Fol.
933 4450 1027 4511 alta).

378 4596 398 4661 ¹)
416 4600 698 4666 Reglstraturbandet
714 4600 766 4650 har
784 4595 937 4660 δϋιᾶίσανο
952 4603 1082 4667 pruriat.
