3288 5330
1260 459 1323 525 463

200 621 335 686 Interim
359 622 490 686 advenit
512 622 643 688 Elector
664 623 942 710 Brandeburgicus
965 624 1062 688 ducto
1085 647 1193 689 secum
1216 648 1258 690 ex
1273 626 1367 692 Elec·

113 736 223 786 teratu
245 722 391 788 exercitu
414 724 432 786 5
457 723 578 787 alarum
601 723 748 811 equitum
771 737 804 789 et
827 726 867 789 20
890 725 1084 789 vexillorum
1109 726 1269 812 peditum3
1291 750 1366 791 con·

111 846 243 908 gressus
277 822 569 889 Marrienwerderae
602 847 675 888 cum
709 825 871 890 exercitus
904 825 1051 890 Polonici
1080 827 1162 892 duce
1185 826 1368 914 Konespol·

112 923 207 987 schio
240 924 294 988 die
327 926 369 988 20
401 924 509 1009 hujus.
566 923 650 1005 Quid
683 925 769 990 inter
790 926 878 1011 ipsos
901 940 1008 991 actum
1031 928 1083 1005 sit,
1107 928 1292 993 coniectura
1314 952 1367 994 me

112 1024 251 1111 adsequi
284 1048 377 1110 posse
407 1039 502 1112 put03
525 1026 579 1090 sed
604 1024 765 1112 expiscari
788 1025 943 1092 hactenus
966 1026 1107 1114 nequivi,
1130 1042 1168 1092 ut
1189 1053 1246 1116 pro
1269 1031 1367 1094 certis

110 1123 263 1191 referam.
318 1125 473 1213 Intelligo
506 1127 637 1212 quidem
669 1126 709 1189 de
745 1127 963 1214 recuperando
997 1142 1092 1215 portu
1122 1128 1310 1194 Pillaviensi
1333 1144 1367 1194 et

111 1226 342 1313 coniungendo
377 1229 524 1292 exercitu
559 1242 665 1291 actum
699 1251 777 1304 esse,
812 1251 916 1313 neque
948 1229 1073 1308 dubito,
1107 1230 1185 1315 quin
1221 1253 1293 1315 spes
1323 1231 1367 1294 sit

110 1328 216 1405 facta3
250 1350 361 1392 verum
396 1328 474 1414 quid
506 1328 651 1392 futurum
685 1328 738 1404 sii,
772 1351 836 1392 non
860 1329 973 1393 dixero
996 1328 1103 1404 facile,
1125 1331 1251 1415 eritque
1273 1330 1368 1394 nobis

112 1430 372 1514 exspectandum
407 1430 577 1515 patienter,
610 1429 712 1494 donec
745 1428 823 1515 quid
856 1430 889 1494 in
922 1444 1085 1495 conventu
1107 1430 1367 1516 Regiomontano

112 1544 270 1614 praesente
293 1529 442 1594 Electore
465 1531 631 1595 decretum
653 1531 762 1606 fuerit,
779 1531 1036 1617 cognoverimus.
1070 1531 1257 1596 Gratulatus
1274 1532 1366 1596 Elec·

112 1629 177 1694 tori
201 1651 272 1693 sum
295 1631 469 1695 adventum
493 1654 550 1717 per
572 1632 692 1709 literas,
715 1632 841 1719 tulique
863 1654 1060 1719 responsum,
1084 1646 1121 1695 ut
1141 1656 1183 1696 ex
1199 1633 1367 1720 utriusque

111 1731 295 1817 exemplari
319 1731 446 1795 visurus
469 1745 503 1797 et
524 1732 761 1817 dijudicaturus
784 1733 861 1807 es¹).

200 1831 253 1895 Ex
276 1831 410 1896 Polonia
432 1855 537 1918 nuper
558 1833 689 1919 quidem
712 1832 794 1897 nibil
818 1833 899 1897 certi
921 1831 1031 1901 habui,
1053 1831 1115 1896 nisi
1138 1834 1225 1920 quod
1247 1857 1367 1921 cogen-

110 1933 164 1996 dis
187 1933 335 2018 pecuniis
359 1949 393 1998 et
415 1933 637 2020 excogitandis
659 1933 752 1997 novis
775 1933 927 1997 subsidiis
949 1932 984 1996 in
1006 1931 1068 1996 hoc
1091 1933 1213 1998 bellum
1236 1957 1365 2019 operam

111 2033 203 2097 dant.
249 2033 385 2112 Quando
409 2050 517 2099 autem
540 2033 699 2098 ordinaria
721 2034 852 2098 comitia
874 2032 1021 2097 habenda
1042 2034 1116 2110 sint,
1133 2035 1275 2099 noudum
1291 2059 1367 2100 con·

111 2148 189 2197 stat.
236 2135 347 2199 Audio
379 2158 509 2221 quoque
531 2136 653 2220 Regem
677 2135 818 2198 Poloniae
842 2135 934 2198 Dznis
957 2133 1131 2198 Ordinibus
1154 2134 1365 2201 Generalibus

112 2234 329 2300 Consederati
352 2237 459 2323 Belgii
481 2235 655 2321 scripsisse,
671 2236 759 2299 etad
776 2236 879 2322 Reges
895 2235 1023 2321 Anglia
1038 2258 1075 2299 ac
1090 2236 1210 2300 Daniae.
1241 2236 1367 2318 Quaeso,

111 2336 141 2399 si
177 2358 287 2399 earum
321 2335 487 2400 literarum
521 2350 578 2400 aut
609 2337 831 2400 mandatorum
866 2337 1032 2422 exemplar
1065 2338 1115 2400 vel
1139 2351 1365 2424 argumentum

112 2450 229 2500 nactus
251 2435 364 2512 fueris,
389 2437 482 2501 mitte
505 2451 561 2501 aut
582 2437 697 2501 scribe.

201 2536 349 2600 Relatum
373 2536 454 2600 mihi
476 2561 606 2624 quoque
629 2552 687 2614 est,
710 2538 818 2601 literas
841 2550 913 2601 tuas
936 2537 975 2601 ad
999 2560 1050 2602 me
1065 2540 1156 2603 datas
1170 2539 1367 2625 interceptas

114 2660 186 2702 esso
219 2652 254 2702 et
286 2637 488 2702 Warsaviam
521 2639 659 2717 delatas;
691 2661 777 2703 nunc
811 2660 887 2702 vero
913 2639 1047 2703 traditas
1068 2639 1177 2726 legato
1200 2640 1367 2720 Polonieo,

113 2739 173 2825 qui
196 2752 246 2803 est
269 2739 485 2826 Regiomonti,
508 2754 547 2804 ut
567 2740 710 2805 Electori
732 2753 933 2805 monstraret.
970 2740 1056 2820 Quid
1079 2762 1154 2802 vero
1177 2740 1211 2803 in
1234 2764 1268 2805 se
1291 2764 1365 2806 con·

114 2839 244 2904 tineent
276 2854 333 2903 aut
365 2841 491 2925 quando
523 2840 615 2918 data,
649 2841 729 2905 mihi
763 2841 906 2905 nondum
934 2841 1104 2905 resciscere
1127 2840 1230 2919 licuit,
1253 2844 1308 2906 sed
1332 2842 1366 2906 ni

113 2940 220 3017 fallor,
253 2954 324 3005 erat
355 2940 531 3005 fasciculus
564 2942 729 3006 literarum
761 2942 795 3005 in
818 2942 893 3005 navi
917 2942 1101 3019 Rostochio,
1129 2940 1191 3005 huc
1214 2943 1310 3007 missa
1333 2957 1367 3007 et

115 3055 190 3128 post
212 3041 387 3106 discessum
412 3042 524 3106 classis
546 3043 655 3129 Regia
677 3043 716 3108 ab
738 3043 830 3108 hoste
852 3045 887 3107 in
915 3044 996 3106 mari
1017 3043 1198 3127 intercepta
1221 3065 1257 3107 ac
1280 3043 1366 3107 Dan·

113 3143 234 3206 tiscum
257 3143 374 3220 delata,
398 3142 424 3206 si
446 3144 539 3207 famoe
561 3143 756 3208 credendum
779 3143 871 3226 estl).
906 3144 978 3230 Ego
994 3166 1071 3208 vero
1085 3143 1189 3207 literis
1203 3144 1279 3221 tuis,
1295 3168 1368 3230 quae

113 3244 150 3308 in
172 3266 288 3307 manus
310 3266 398 3308 meas
420 3267 462 3308 ex
484 3245 626 3309 discessu
650 3258 707 3307 tuo
729 3267 747 3308 e
771 3244 886 3308 Sueeia
901 3265 1027 3319 venere,
1043 3243 1077 3307 in
1093 3266 1193 3307 unum
1209 3243 1364 3320 collectis,

115 3345 244 3409 mittam
269 3345 306 3408 ud
332 3358 362 3409 te
386 3346 489 3432 prima
511 3345 679 3410 occasione
702 3367 871 3408 numerum
894 3367 969 3408 oum
992 3367 1192 3431 quarumque
1216 3344 1302 3417 dato,
1330 3360 1367 3410 ut

114 3450 184 3531 ipse
208 3467 393 3531 cognoscas,
416 3468 485 3532 qua
508 3448 582 3525 sint,
605 3445 738 3532 etquid
763 3444 937 3530 scripseris,
960 3459 994 3509 et
1016 3468 1087 3531 que
1109 3445 1264 3510 adieceris
1278 3460 1367 3509 ucto-

114 3569 185 3610 rum
201 3546 430 3633 literarumque
446 3547 650 3611 documenta.
690 3545 781 3610 Vale.
819 3545 987 3610 Dabuntur
1001 3545 1149 3633 Elbingae
1165 3546 1218 3610 die
1233 3547 1273 3611 31
1290 3545 1365 3610 Jan.

115 3651 180 3711 An.
204 3646 298 3710 1627.

201 3768 399 3833 Egenbiindigt
417 3770 539 3832 koncept
557 3769 619 3818 med
637 3767 759 3832 paririlt
780 3769 975 3819 ›Camerarma

202 3935 223 3997 ¹)
240 3938 276 3987 80
293 3937 378 3986 sivan
395 3937 446 3987 Nzo
465 3940 522 3986 256.
558 3936 739 3988 Kurinrstsus
757 3937 822 3988 brai
839 3938 889 3987 har
907 3937 933 4001 ej
953 3936 1107 3986 ruminate.

200 4017 223 4080 ²)
241 4022 292 4071 Ett
318 4022 407 4085 skepp
434 4022 507 4072 hade
533 4022 673 4085 rerkligen
701 4022 866 4086 uppbragts3
894 4020 964 4070 dari
988 4022 1077 4070 inune
1102 4020 1166 4070 brei
1188 4020 1281 4069 bleiro
1301 4024 1366 4069 1⁶27

115 4106 229 4169 tryckta
255 4107 265 4154 l
293 4104 379 4154 Poisn
404 4107 415 4154 i
441 4105 506 4154 flere
531 4105 665 4168 upplagor
691 4104 780 4154 under
807 4106 890 4154 titeln
912 4104 1100 4154 ›Coaoallon'o
1120 4102 1247 4163 Serdica,
1264 4107 1293 4153 ia
1311 4119 1366 4170 qua

115 4188 146 4238 L.
175 4186 339 4249 Camurii,
364 4187 391 4238 J.
421 4188 457 4251 0,
483 4186 651 4254 alienamur
678 4188 813 4254 epistolar
843 4203 866 4238 o.
895 4203 916 4237 s.
942 4203 967 4236 v.
1003 4188 1093 4237 Bland
1116 4188 1368 4252 dembelunnosig

117 4290 161 4340 Ora
179 4290 245 4340 broi
262 4289 307 4338 tili
325 4289 455 4339 kansleru
475 4289 501 4339 d.
520 4287 553 4353 {ff
571 4290 656 4353 Sept,
674 4269 762 4361 ’ξ-ἓῗέ
780 4295 851 4339 samt
868 4287 902 4353 ἡ
920 4288 983 4337 Okt.
1008 4292 1081 4349 1626,
1099 4294 1142 4338 ett
1159 4288 1229 4338 hans
1246 4289 1310 4339 bret
1322 4288 1368 4339 till

116 4391 266 4453 konungen
294 4390 320 4438 d.
347 4388 380 4454 l}
398 4389 481 4453 Sept,
507 4394 550 4439 att
567 4391 628 4440 brai
645 4390 691 4438 till
710 4389 868 4439 densamms
886 4389 948 4438 irin
965 4389 1057 4452 hertig
1075 4390 1160 4439 Adoli
1176 4390 1320 4440 Friedrich
1338 4391 1369 4439 ai

117 4474 319 4537 lisckienbnrg
344 4474 370 4523 d.
389 4477 418 4522 81
440 4473 514 4534 okt,
531 4488 567 4523 en
585 4474 669 4537 kopia
686 4474 716 4522 ui
733 4473 787 4523 den
806 4473 1031 4537 Biebenblirgsks
1048 4475 1173 4536 legatens
1192 4475 1367 4538 proposition

117 4560 161 4608 till
178 4559 427 4608 Generalrtatsrna
444 4573 479 4606 m.
498 4573 532 4606 m.

641 4726 841 4735 .-.--...-
