3212 5352
326 461 386 527 182

282 648 320 684 nu
337 632 461 683 iorvsrss
480 635 490 684 i
507 632 692 695 Rikscririvct,
709 633 885 684 Hoilsndics.
921 631 955 683 Sc
972 633 1068 682 hirom
1087 633 1239 685 Camerarii
1256 634 1318 685 brsi
1336 635 1367 684 si
1385 634 1411 684 d.
1431 634 1532 684 suos.

282 716 331 781 (jis
352 718 435 768 oivsu
458 718 510 767 sid.
536 721 582 767 178
605 722 656 767 not
677 714 696 777 ¹)
715 720 788 767 sumt
805 716 914 766 Heinsii
932 716 995 768 brsi
1012 718 1057 768 tiil
1075 718 1206 769 kunslern
1225 720 1256 770 ci
1273 718 1299 768 d.
1318 722 1350 769 81
1371 718 1436 769 okt.
1454 733 1480 769 o.
1499 722 1531 769 16

282 802 347 852 Dec.
368 804 442 863 1625,
460 801 679 852 Oxenstisrnsks
698 800 859 865 rumlingen.

804 1004 1004 1012 .—

283 1258 338 1313 89.
381 1257 453 1313 ‘Pili
474 1257 518 1314 ds
539 1257 662 1327 polskc
684 1257 995 1315 irommisssrisrns.

710 1358 715 1363 '
833 1360 957 1428 luisset
977 1360 1035 1417 sid
1055 1359 1176 1416 Birssn
1198 1359 1233 1416 d.
1255 1361 1297 1416 10
1318 1359 1413 1429 sept.
1435 1362 1531 1417 loss.

282 1574 351 1625 sm
371 1574 408 1638 pit
428 1588 464 1624 en
482 1587 581 1637 genum
600 1574 682 1624 dsrss
701 1574 899 1638 subdolegster
916 1574 1111 1625 otverlimnsd
1129 1573 1273 1624 skriirslse
1292 1553 1438 1638 mugiendo
1456 1576 1535 1626 vaist

367 1658 397 1707 si
414 1658 554 1717 mdtestid‚
571 1657 669 1722 foliets
688 1658 793 1709 storlsk
811 1659 863 1708 och
882 1659 968 1709 tskud
988 1658 1054 1722 leid.

507 1804 653 1871 Illustrcs
676 1818 710 1871 et
731 1804 898 1893 Magnifici
922 1804 1055 1869 Domini
1077 1802 1307 1869 Commissurii.

369 1922 479 1987 Audio
516 1923 619 1988 libres
657 1924 776 1988 Dzones
811 1936 931 1987 vestros
964 1920 1155 1987 convenisse
1187 1933 1221 1986 et
1252 1933 1407 1986 tractatus
1442 1921 1534 2008 pacis

283 2022 381 2088 ordiri
414 2023 507 2088 velle.
563 2023 812 2110 Optatissimum
839 2022 873 2087 id
895 2045 1000 2088 rerum
1023 2021 1167 2087 omniurn
1189 2021 1284 2086 nobis
1307 2022 1482 2101 occideret,
1507 2022 1535 2087 si

282 2147 347 2189 non
380 2135 445 2188 tum
480 2122 587 2204 ordiri,
621 2147 718 2211 quum
750 2123 909 2190 conficere
942 2123 1080 2189 salutare
1114 2123 1176 2188 hoc
1202 2123 1376 2210 negocium
1402 2122 1534 2189 liceret.

283 2223 447 2290 Constitui
469 2247 566 2302 meos,
590 2226 646 2311 qui
668 2248 742 2289 cum
766 2224 921 2312 ablegatis
944 2224 1059 2290 vestris
1074 2224 1114 2289 dc
1129 2224 1202 2288 ioco
1216 2224 1403 2308 congressui
1417 2236 1534 2289 nostro

282 2325 432 2414 eligendo
456 2337 603 2412 agerent3
625 2324 692 2389 iilis
714 2326 799 2390 inter
821 2348 854 2389 ss
877 2348 941 2389 non
965 2323 1243 2403 convenient-ibus,
1260 2324 1365 2388 visum
1382 2324 1466 2389 mibi
1484 2336 1533 2389 est

284 2438 360 2512 post
380 2425 466 2492 diem
489 2449 589 2490 unum
613 2425 789 2491 alterumve
810 2449 867 2511 per
882 2425 1128 2512 subdelegatum
1143 2448 1252 2489 mcum
1268 2438 1408 2489 mentem
1425 2448 1533 2491 meum

281 2525 558 2614 Ill[ust1itsti]bus
591 2527 706 2592 vestris
740 2526 914 2613 explicere,
947 2536 1043 2613 utque
1072 2549 1111 2591 co
1133 2526 1205 2613 ipso
1227 2524 1266 2589 dc
1288 2538 1433 2612 tempore
1456 2549 1533 2591 con·

283 2649 413 2715 gressus
445 2627 545 2691 nostri
578 2639 730 2692 statuere.
781 2627 866 2707 Quid
893 2626 933 2691 de
960 2627 1115 2692 comitutu
1137 2638 1246 2690 nostro
1269 2625 1421 2712 utrinque
1445 2649 1533 2691 com·

283 2726 455 2793 missoriuli
488 2727 632 2806 sentium,
667 2728 807 2814 exposui
839 2740 923 2806 cute,
956 2740 994 2791 ut
1023 2728 1065 2792 sit
1092 2726 1303 2791 ducentorum
1326 2726 1476 2813 equitum
1501 2740 1532 2793 et

283 2827 419 2895 totidem
456 2827 613 2915 peditum,
649 2827 747 2914 idque
784 2851 857 2893 cum
890 2826 1164 2915 lll[ustritsti]bus
1197 2826 1313 2891 vestris
1346 2827 1533 2915 intelligam

283 2929 419 3016 placere,
442 2927 525 2993 nihii
548 2941 606 3007 cst,
629 2927 716 3016 quod
739 2927 910 2994 consilium
933 2939 1065 2992 mutem.
1109 2930 1157 2992 At
1178 2949 1219 2991 nc
1241 2927 1318 3015 quid
1334 2926 1534 2992 discriminis

284 3028 435 3095 obveniat
462 3029 628 3094 securitati
655 3043 768 3095 vestrae
793 3028 1048 3108 commissorisii‚
1071 3027 1247 3116 providebo
1270 3027 1404 3113 speciali
1427 3028 1534 3116 diplo

283 3143 369 3196 mute
392 3129 424 3195 S.
445 3131 484 3195 R.
507 3130 605 3208 Mztis
628 3130 752 3194 domini
775 3130 840 3194 mei
862 3129 1118 3207 clementissimi,
1140 3152 1179 3194 cu
1201 3128 1397 3206 conditione,
1413 3152 1456 3195 ne
1473 3129 1535 3194 sub

284 3232 393 3318 specie
426 3254 462 3296 sc
489 3230 661 3296 securitate
689 3230 769 3295 dicti
791 3231 964 3295 comitatus
987 3228 1247 3295 commissorislis
1270 3229 1371 3317 copiae
1393 3230 1534 3296 msiores

284 3344 442 3421 coguntur
472 3333 506 3396 in
540 3331 761 3417 praejudioium
794 3354 901 3395 rerum
934 3343 1124 3409 nostrarum,
1157 3330 1197 3395 de
1231 3330 1348 3418 quibus
1381 3331 1533 3396 omnibus

284 3432 476 3521 quantocius
511 3432 615 3497 Iliztes
647 3445 768 3497 vestros
801 3432 952 3497 certiores
983 3432 1110 3497 fecium.
1169 3432 1336 3496 Dabuntur
1367 3453 1386 3494 e
1419 3432 1534 3497 castris

283 3534 382 3621 regiis
405 3533 445 3598 sd
466 3533 573 3598 Birsas
596 3532 648 3597 die
672 3533 713 3598 10
736 3531 933 3619 Septembris
955 3535 1053 3597 Anno
1076 3532 1169 3597 1625.

1059 3682 1199 3748 Axelius
1222 3682 1451 3761 Oxcnstisrns,

1068 3790 1099 3839 R.
1119 3787 1144 3837 S.
1164 3788 1364 3849 Ocnoeiicrius,
1382 3794 1433 3839 cto.

372 3921 543 3986 Utanctrist:
572 3923 746 3974 »illustribus
770 3928 799 3974 et
820 3922 973 3988 Msgniflois
991 3922 1069 3973 Dznis
1088 3922 1288 3973 commissoriis
1305 3921 1395 3986 Regni
1413 3922 1534 3974 Poionitc

284 4006 434 4071 Magnique
452 4007 576 4058 Ducutns
593 4007 773 4059 Bithunum.»

368 4125 448 4177 liitsr
473 4126 678 4191 munuskriptst
704 4127 749 4176 tili
777 4126 812 4175 de
838 4126 927 4180 under
953 4124 1004 4174 Nm
1027 4127 1059 4173 ts
1078 4125 1243 4174 omutmnds
1263 4125 1349 4174 ‘Acts
1366 4126 1389 4172 is
1408 4125 1535 4182 Literm,

284 4208 420 4273 jtmiordt
446 4209 510 4259 med
537 4210 686 4273 sitrycket.
727 4210 741 4260 1
768 4210 972 4275 msnuskriptct
998 4210 1050 4260 hsr
1073 4208 1204 4259 ksnslern
1228 4207 1422 4272 egenhfindigt
1444 4208 1534 4271 tiilsgt

284 4293 410 4356 ioijsnds
437 4293 612 4345 dirsrskriit:
643 4294 810 4358 »Responsio
837 4294 1004 4344 Cuncsilurii
1030 4292 1116 4357 Regni
1140 4291 1251 4351 Sueciae‚
1269 4304 1320 4355 per
1338 4290 1534 4356 subdersgstss

287 4376 431 4427 Poionicos
455 4377 657 4428 commissoriis
676 4377 813 4428 Polonicis
831 4378 966 4427 reddita.»
1004 4378 1059 4427 Det
1076 4376 1140 4426 brsi
1156 4374 1218 4426 irin
1238 4375 1273 4424 de
1291 4374 1390 4439 poiske
1408 4376 1534 4426 kommis·

286 4461 412 4510 surisrns
438 4461 467 4510 ui
491 4461 517 4510 d.
541 4466 571 4510 16
591 4461 666 4525 Sept.
684 4475 709 4509 u.
728 4466 771 4522 rt,
788 4461 894 4525 hvsrpt
912 4461 992 4510 detta
1010 4463 1093 4524 utgtr
1111 4473 1182 4520 svor,
1201 4463 1232 4508 tir
1249 4461 1259 4508 i
1276 4460 1400 4509 usimnds
1417 4459 1534 4521 ssmiing

285 4543 381 4606 tryckt
399 4545 573 4595 omsdelbsrt
590 4545 653 4596 iore
673 4544 761 4595 detta.

809 4727 1010 4739 *-
