3244 5334
1213 451 1273 513 319

80 616 285 681 inscribendo,
341 614 492 680 Adiunxi
525 638 654 702 quoqne
685 617 749 679 400
781 615 964 701 imperiales
990 617 1189 680 transmissos
1217 617 1316 681 Ham-

17 722 18 769 1
81 716 211 804 burgum
233 715 273 781 ad
296 730 447 804 agentern
470 716 635 782 Andrearn
661 716 818 795 satamon,
840 731 877 780 ut
898 716 971 781 illos
994 738 1051 802 per
1072 717 1182 783 literas
1197 717 1316 781 cambii

17 866 18 871 η
81 817 115 883 ad
136 829 167 882 te
188 818 426 883 maferendos
448 831 573 883 curaret
595 840 667 881 cum
691 817 792 881 literis
814 815 912 894 hisee,
936 839 1015 903 quos
1039 817 1136 881 simul
1155 819 1316 904 cumipse

17 1004 18 1007 Ἴ
81 916 248 1002 diplomate
274 917 358 981 bono
381 917 430 981 illi
452 920 523 982 viro
545 918 669 982 tradere
692 917 823 1004 poteris.

155 1017 273 1083 Curavi
308 1042 436 1105 quoque
470 1018 632 1083 Rustorfio
665 1018 810 1105 diploma
841 1019 966 1105 regium
998 1018 1114 1083 confici
1142 1032 1238 1104 atque
1265 1019 1315 1083 illi

81 1118 234 1206 adsignari
266 1120 300 1183 in
330 1120 460 1206 signum
482 1119 663 1183 elementiae
685 1120 781 1205 regie
804 1118 991 1206 pensionem
1013 1142 1150 1183 annuam
1172 1119 1236 1184 400
1257 1120 1316 1184 im·

17 1268 18 1279 ,
81 1219 252 1306 perialium.
309 1219 437 1283 Vellem
471 1219 623 1306 equidem
657 1233 690 1284 te
724 1219 804 1283 mibi
832 1220 1026 1306 explicuisse
1050 1221 1191 1285 animum
1213 1220 1315 1306 ipsius

17 1312 18 1349 ³
80 1335 129 1384 aut
149 1320 263 1384 saltem
282 1321 445 1405 judicium
468 1333 575 1399 tuum3
598 1344 709 1384 verum
733 1343 806 1384 curn
827 1320 894 1383 lraec
911 1319 1100 1407 neglexeris,
1118 1320 1148 1384 S.
1166 1321 1202 1385 R.
1220 1320 1315 1385 Mans

17 1442 18 1507 3
80 1444 129 1484 sua
159 1435 273 1508 sponte
307 1421 375 1484 haec
407 1420 458 1485 illi
491 1422 667 1499 constituit,
704 1444 740 1485 ac
767 1420 921 1486 credibile
944 1435 1002 1498 est,
1026 1443 1097 1485 eum
1119 1421 1217 1485 facile
1240 1422 1314 1486 inde

17 1578 18 1581 ,
80 1522 257 1608 dignoscere
290 1545 356 1585 non
388 1522 516 1609 ingrata
549 1522 653 1586 officia
685 1544 743 1586 sua
776 1521 805 1585 S.
834 1521 871 1586 R.
896 1521 968 1585 ttoi
990 1544 1068 1586 esse.
1114 1523 1193 1586 Peto
1216 1523 1315 1587 etiarn

17 1626 18 1629 ’
80 1622 151 1687 mihi
184 1622 369 1710 significari,
405 1647 445 1687 an
478 1622 541 1688 300
572 1622 623 1686 illi
655 1622 847 1710 imperiales,
883 1646 961 1708 quos
991 1645 1073 1686 anno
1107 1622 1224 1686 abhinc
1257 1646 1315 1709 per

80 1722 179 1789 literas
212 1724 330 1788 cambii
359 1723 398 1787 ad
426 1739 458 1788 te
487 1723 644 1801 miseram,
668 1734 753 1788 recte
777 1725 841 1788 aint
863 1722 980 1788 redditi
1002 1735 1035 1787 et
1056 1721 1129 1787 d:no
1153 1724 1314 1788 Rustorfio

17 1890 19 1935 t
79 1824 181 1889 traditi
206 1848 319 1901 necne,
347 1841 385 1888 ut
411 1823 519 1901 seiam,
544 1824 569 1887 si
593 1824 671 1910 qnid
694 1825 728 1887 in
751 1847 790 1887 eo
813 1824 976 1909 privatum
999 1824 1050 1899 ait,
1074 1847 1110 1887 ac
1132 1838 1273 1912 repetam
1297 1849 1315 1889 a

17 1938 18 1959 ¹
79 1924 223 1990 debitore.

156 2026 345 2090 Pensionem
383 2041 470 2090 tuam
509 2025 628 2088 curabo
667 2037 861 2110 potestatem
900 2024 955 2088 abs
992 2038 1024 2089 te
1057 2025 1189 2090 habenti
1223 2026 1313 2110 justo

80 2141 211 2214 tempore
246 2126 460 2205 reddendam
483 2127 567 2212 quod
596 2126 712 2189 attinet
733 2124 874 2188 reditum
896 2139 987 2189 tunm
1012 2124 1075 2189 huo
1098 2126 1131 2189 in
1156 2124 1313 2203 Suebiam,

79 2251 134 2290 non
167 2229 295 2292 videtur
327 2226 476 2312 equidem
512 2228 566 2291 abs
600 2241 642 2303 te,
676 2239 713 2289 ut
744 2249 829 2290 nuno
856 2224 977 2301 venias,
1005 2226 1058 2289 aed
1086 2249 1160 2291 eum
1182 2226 1256 2290 istic
1278 2227 1313 2291 in

80 2328 191 2415 Anglia
224 2328 360 2393 consilia
392 2328 499 2392 forsan
533 2329 687 2392 cedantur
713 2340 746 2390 et
771 2326 988 2390 immittentur
1015 2351 1032 2390 e
1060 2326 1194 2391 Polonia
1217 2340 1313 2413 atque

81 2428 174 2494 Dania
203 2430 238 2493 in
273 2429 493 2515 praeiudicium
528 2428 557 2492 S.
591 2429 627 2492 R.
662 2427 759 2504 Mais,
788 2450 852 2490 non
879 2426 1009 2491 videtur
1029 2427 1156 2505 inutile,
1179 2442 1216 2492 ut
1238 2430 1312 2493 istic

17 2538 18 2543 ’
79 2531 273 2595 commoreris
311 2529 508 2616 aliquandiu,
545 2530 757 2614 dissipaturus
793 2529 965 2613 prudentia
1001 2543 1057 2592 tua
1088 2528 1146 2592 illa
1177 2529 1312 2593 consilia

79 2645 165 2717 atque
188 2631 394 2717 postmodum
417 2630 512 2694 rebus
534 2631 580 2693 aio
603 2628 810 2716 exigentibus
833 2628 873 2692 ad
895 2651 954 2691 nos
976 2641 1220 2693 commeaturus.

153 2733 200 2796 De
233 2746 320 2796 statu
354 2754 460 2796 rerum
494 2743 672 2794 nostrarum
707 2752 808 2815 pauca
840 2730 907 2793 haec
934 2730 1049 2794 addere
1077 2730 1195 2815 placet:
1219 2730 1249 2793 S.
1273 2731 1310 2794 R.

78 2831 178 2896 Mttem
205 2856 240 2897 re
267 2833 349 2896 bene
376 2843 477 2917 gesta,
500 2832 639 2894 Livonia
662 2844 828 2915 occupata,
851 2830 943 2895 hoste
966 2829 1061 2916 Sepia
1084 2831 1148 2894 alio
1169 2831 1256 2895 victo
1279 2846 1312 2895 et

77 2933 246 3019 profligato,
281 2933 343 2996 toti
377 2932 558 2996 Lithvaniae
593 2953 718 2995 summo
746 2945 865 2994 terrore
892 2932 1031 3009 incusso,
1059 2931 1181 2996 salvam
1205 2954 1241 2996 ao
1264 2932 1310 2995 in·

78 3034 212 3098 columen
246 3047 320 3120 post
352 3034 533 3098 exantlatas
567 3032 658 3119 longi
690 3031 817 3095 itineris
852 3031 1014 3095 molestias
1040 3033 1170 3097 tandem
1192 3031 1255 3095 huo
1277 3033 1309 3096 in

78 3132 211 3198 Sueciam
235 3133 377 3210 rediisse,
401 3148 581 3198 curaturam
603 3133 702 3197 sunus
726 3149 758 3196 et
780 3132 937 3218 exequias
961 3133 1013 3217 pie
1030 3131 1189 3198 defuncte
1200 3133 1311 3197 matris

78 3232 208 3321 Reginae,
236 3235 342 3300 felicis
370 3235 541 3309 memoriae,
564 3245 691 3319 etpost
713 3233 855 3296 animum
878 3233 996 3297 iterum
1021 3234 1059 3297 ad
1082 3256 1132 3298 res
1157 3234 1311 3321 gerendas

77 3335 298 3401 adiuncturum.
354 3335 487 3399 Interim
522 3333 607 3398 hosti
641 3333 762 3397 Polono
796 3333 983 3397 sollicitanti
1015 3333 1134 3398 dantur
1162 3349 1310 3398 anostra

78 3434 214 3502 Generali
246 3438 384 3502 induciae
418 3459 476 3499 sex
505 3434 764 3521 septimanarum.
792 3457 871 3520 quas
894 3433 991 3497 audio
1014 3449 1124 3498 auctas
1148 3448 1181 3498 et
1203 3459 1310 3519 proro-

76 3550 157 3621 gatae
177 3539 212 3602 in
234 3560 387 3614 mensem,
411 3535 576 3600 habituras
600 3535 696 3600 finem
720 3535 758 3599 ad
784 3537 799 3598 l
825 3535 918 3600 Junii
942 3535 1026 3619 stylo
1049 3558 1143 3599 novo.
1181 3536 1308 3612 Nescio,

78 3637 145 3721 quid
177 3639 217 3703 de
249 3639 291 3702 iis
320 3638 467 3722 judicare
500 3636 643 3713 debeam,
672 3660 711 3699 un
738 3634 892 3720 preludia
919 3636 993 3712 sint,
1016 3648 1053 3700 ut
1075 3638 1183 3712 fertur,
1207 3637 1309 3701 futuri

77 3751 229 3814 tractatus,
263 3762 303 3803 an
336 3762 413 3803 vero
446 3737 639 3823 excogitata
667 3738 705 3801 ad
733 3736 922 3800 lucrandum
950 3750 1077 3823 tempua
1099 3751 1132 3802 et
1153 3760 1212 3801 nos
1235 3738 1310 3802 irre·

78 3836 199 3905 tiendos.
254 3839 378 3905 Verum
412 3838 566 3925 quicquid
601 3838 651 3915 ait,
685 3860 777 3927 spero
804 3860 858 3901 eoa
885 3838 951 3901 auis
973 3837 1141 3903 fraudibus
1163 3862 1223 3903 noa
1245 3861 1308 3902 non

76 3936 255 4025 illigaturos.
311 3939 409 4005 Plura
441 3963 528 4003 nunc
562 3962 625 4002 non
661 3939 752 4015 adde,
779 3939 835 4003 sed
862 3961 935 4002 curn
958 3938 1127 4003 tabellario
1151 3940 1309 4025 proximo,

77 4061 136 4123 que
156 4054 286 4120 restant,
308 4042 496 4126 scripturus.
544 4039 635 4115 Vale,
659 4040 708 4103 vir
730 4041 851 4126 optime
875 4053 908 4103 et
930 4039 1134 4105 amicissime.
1179 4041 1307 4127 Raptim

78 4136 268 4209 Stokholmia
289 4143 343 4208 die
366 4144 384 4204 2
408 4142 487 4206 Maii
510 4145 572 4205 An.
598 4142 690 4205 16:26.

148 4299 342 4363 Egenh'andlgt
361 4298 482 4361 loncept
499 4299 508 4345 l
528 4296 704 4346 Rikaarlrivet
721 4294 784 4344 med
803 4295 935 4359 ptskrilt:
957 4297 1110 4359 >Spanum

586 4500 787 4508 ---—-—-—
