3244 5334
1230 455 1291 518 297

172 617 343 681 Praeterito
371 640 444 681 vere
471 640 535 681 non
559 617 705 703 placebat
725 617 788 682 iter
811 619 850 683 ad
873 619 1008 683 Oderam
1033 618 1073 683 ob
1095 620 1198 684 verios
1213 644 1336 698 causes,

86 730 123 781 nt
156 718 229 804 ipse
263 718 360 793 nosti,
386 718 535 804 inprimis
562 741 603 782 ne
631 719 722 784 sedes
744 719 823 783 belli
845 720 878 782 in
902 719 1061 806 Principis
1085 721 1133 783 tui
1156 720 1336 786 ditionibus

87 818 313 895 collocaretur,
350 819 521 905 hostesque
557 820 641 883 istuc
679 818 924 884 attraherentur.
984 822 1030 885 At
1067 836 1192 885 mutato
1229 846 1335 887 rerum

1 999 2 1004 η
86 932 185 996 statu,
214 919 296 1004 quid
324 918 437 981 mirum
462 919 487 982 si
511 933 678 983 mutentur
699 920 834 984 consilia
855 934 972 984 nostra.
1017 921 1140 1000 Quodsi
1162 923 1262 1008 igitur
1284 924 1336 987 vel

86 1042 136 1084 res
170 1019 353 1083 communis
387 1020 439 1084 vel
473 1020 633 1106 Principis
665 1021 715 1084 tui
748 1020 782 1084 in
813 1043 865 1084 eas
893 1022 1079 1109 redigentur
1101 1024 1277 1108 angustias,
1301 1037 1337 1087 ut

1 1151 2 1186 r
87 1120 271 1207 periculum
307 1120 418 1196 subsit,
457 1122 649 1207 tempestive
682 1122 884 1208 significetur
916 1123 948 1187 id
984 1122 1015 1186 S.
1050 1122 1087 1186 R.
1121 1122 1203 1199 Mtti,
1236 1123 1335 1188 animi

88 1222 278 1285 vestratium
312 1243 348 1284 ac
375 1221 625 1285 Pomersnorum
653 1222 800 1307 inprimis
823 1236 986 1308 parentur,
1009 1236 1043 1287 et
1066 1238 1102 1287 ut
1125 1224 1155 1287 S.
1179 1225 1216 1288 R.
1241 1225 1337 1288 littae

88 1322 207 1399 locum,
231 1322 288 1385 ubi
310 1321 490 1385 exercitum
513 1337 665 1408 exponat,
689 1322 802 1386 Sundii
826 1346 862 1387 ae
886 1323 1013 1399 Stetini,
1037 1323 1164 1399 habeat,
1188 1348 1336 1410 procure-

89 1436 149 1487 tur.
207 1428 258 1487 Ac
293 1438 362 1486 tum
395 1435 518 1486 statuat
552 1445 609 1508 pro
642 1436 730 1487 certo
764 1423 918 1510 Princeps
952 1438 1039 1499 tuus,
1073 1424 1193 1511 Regem
1228 1449 1336 1490 meum

88 1545 145 1609 pro
179 1523 285 1610 ipsius
312 1521 554 1609 Celsit[udinis]
579 1525 683 1586 solute
707 1546 739 1587 se
764 1546 886 1611 suaque
909 1525 1175 1612 periclitaturum.
1220 1526 1337 1612 Neque

1 1627 2 1648 ¹
90 1624 226 1687 dubium
255 1638 314 1699 est,
342 1623 419 1710 quin
443 1624 646 1688 serenissimo
669 1625 758 1709 Rege
781 1625 893 1689 Daniae
915 1649 1045 1689 causam
1068 1648 1273 1690 communem
1296 1651 1338 1691 ex

88 1748 152 1788 nna
188 1738 280 1809 parte
308 1738 435 1811 egente,
459 1725 686 1789 accedentibus
709 1726 823 1790 ceteris
845 1725 1062 1811 Evangelieis,
1086 1740 1118 1790 et
1142 1726 1171 1791 S.
1195 1728 1233 1791 R.
1259 1728 1338 1793 M:te

90 1851 131 1890 ex
164 1826 269 1890 altera
302 1825 536 1911 progrediente,
567 1828 645 1911 quin
672 1825 784 1889 diuina
807 1827 981 1890 adiurante
1003 1828 1176 1892 clementia
1197 1827 1338 1892 hostium

1 1999 2 2008 ,
90 1949 281 2014 progressus
304 1926 374 1990 sisti
397 1938 501 2012 queat.

174 2028 313 2115 Ignosce
346 2050 459 2114 quaeso,
493 2026 579 2112 quod
613 2039 677 2090 tarn
711 2027 811 2091 libere
846 2041 953 2093 tecum
989 2051 1092 2115 agorn.
1142 2028 1220 2094 Haec
1252 2030 1337 2095 enim

90 2142 239 2215 tempora
271 2129 351 2193 odeo
385 2142 460 2192 sunt
489 2126 615 2191 callidis
638 2127 853 2214 violentisque
875 2129 1021 2193 consiliis
1044 2129 1242 2216 Ligistarum
1268 2155 1338 2217 per·

90 2231 229 2306 turbata,
266 2241 303 2291 ut
336 2228 427 2292 firma
459 2229 655 2292 resolutione
683 2229 873 2293 nostratium
901 2229 1079 2317 indigeont,
1107 2253 1166 2295 uec
1191 2254 1249 2294 nos
1271 2243 1337 2296 tarn

90 2345 183 2395 caute
211 2330 352 2415 amplius
379 2341 413 2392 et
438 2344 535 2403 tecte,
562 2352 657 2415 quam
680 2329 807 2393 fortiter
829 2344 862 2394 et
884 2343 993 2415 aperte
1018 2353 1113 2416 agere
1138 2332 1337 2417 permittant.

1 2429 2 2452 ¹
91 2431 254 2517 Quicquid
289 2453 364 2494 vero
397 2430 510 2515 scripsi
544 2430 595 2493 vel
622 2430 663 2493 de
690 2430 837 2506 Memela,
866 2431 918 2494 rel
940 2431 980 2495 de
1003 2431 1149 2515 periculo
1173 2447 1277 2497 restro
1301 2457 1338 2498 ae

91 2532 351 2617 promptitudine
378 2530 408 2593 S.
436 2531 473 2595 R.
501 2530 590 2593 Mttis
612 2531 645 2592 in
669 2530 802 2593 ferendo
824 2531 915 2595 vobis
939 2531 1095 2610 subsidio,
1117 2533 1150 2596 id
1174 2534 1220 2597 ita
1241 2533 1339 2599 inter·

91 2633 225 2718 preteris
260 2631 344 2707 volo,
377 2654 413 2695 ac
447 2632 473 2694 si
508 2632 538 2693 S.
567 2631 604 2693 R.
633 2630 705 2694 Mrti
730 2630 811 2693 nihil
836 2653 978 2716 unquam
1000 2632 1043 2695 sit
1065 2634 1217 2719 optatius,
1241 2658 1338 2719 quam

90 2749 134 2811 ut,
170 2734 264 2797 salvo
298 2733 446 2817 Principe
469 2746 525 2795 tuo
548 2754 584 2794 ae
606 2731 784 2795 ditionibus
806 2730 885 2806 eius,
912 2733 1009 2795 simul
1031 2746 1065 2794 et
1087 2733 1209 2818 optime
1232 2734 1340 2799 valeat

91 2849 193 2900 status
220 2857 327 2897 rerum
354 2832 591 2911 communium3
614 2855 679 2917 quo
701 2845 889 2896 conservato
912 2855 985 2918 spes
1008 2832 1100 2896 nobis
1123 2847 1182 2911 est,
1205 2857 1245 2898 ne
1268 2836 1339 2920 qui·

91 2937 163 3000 dem
199 2933 381 3021 periculum
417 2933 520 2996 ullum
550 2933 642 2996 nobis
667 2933 767 2996 creari
792 2955 893 3017 posse.
938 2934 1080 3019 Ideoque
1104 2934 1181 2998 lieet
1203 2936 1339 3000 fortasse

90 3036 271 3101 rationibus
296 3034 410 3120 agendi
434 3034 506 3097 Rex
529 3055 619 3096 meus
641 3047 674 3096 et
691 3034 844 3115 Princeps
860 3048 931 3097 tuas
947 3035 1138 3119 quandoque
1153 3035 1339 3112 dissideant,

91 3139 226 3203 minime
249 3149 357 3200 temen
380 3134 441 3197 erit
462 3133 687 3210 dubitandum,
710 3135 790 3218 quin
812 3135 897 3197 idem
921 3156 1037 3220 scopus
1057 3135 1142 3198 salus
1158 3137 1340 3199 eommunis

91 3238 239 3303 omnium
272 3235 402 3322 utrique
437 3235 480 3298 sit
513 3234 685 3321 proposita,
715 3232 840 3319 hucque
864 3235 998 3298 consiliu
1021 3236 1129 3298 omnia
1150 3236 1285 3299 tendant
1307 3250 1341 3301 et

90 3341 284 3427 dirigantur,
314 3337 411 3400 sicuti
438 3335 523 3421 apud
551 3357 608 3398 nos
631 3334 728 3421 dirigi
752 3334 885 3399 firmiter
906 3348 1030 3421 putate.
1077 3334 1168 3400 Vele.
1214 3336 1340 3400 Deben-

90 3452 144 3505 tur
168 3438 380 3502 Wolmarniae
402 3437 454 3500 die
477 3437 496 3500 5
518 3435 666 3501 lanuarii
690 3438 787 3498 Anno
812 3437 903 3499 1626.

759 3570 893 3656 Magnis.
916 3582 979 3632 tuae
1002 3570 1256 3634 studiosissimus

772 3671 909 3734 Anelius
933 3671 1147 3735 Oxenstierna
1169 3695 1234 3757 mp.

178 3829 356 3892 Utasrkrist:
385 3828 546 3890 »Magnlfieo
571 3832 599 3875 et
617 3827 796 3876 Noblllsslmo
816 3827 884 3876 Dmo
904 3827 1079 3888 Sigismundo
1098 3841 1114 3874 a
1133 3828 1246 3887 (lemen,
1265 3828 1341 3876 Sere·

90 3918 198 3966 nisslml
219 3914 358 3964 Electorls
377 3910 593 3973 Brundeburglci
614 3911 774 3960 consiliario
793 3912 937 3959 secretiori
957 3916 985 3960 et
1002 3911 1157 3973 praefecto.»

176 4014 304 4078 Origine]
327 4016 338 4063 l
360 4013 391 4061 K.
416 4013 561 4062 Gehelmes
580 4011 779 4071 Staatsarchlv,
799 4011 899 4070 Berlin,
918 4011 1053 4073 jl'rmfdrdt
1071 4012 1133 4059 med
1152 4011 1341 4075 egenhandigr

89 4102 214 4165 koncept
233 4102 243 4147 l
262 4096 446 4146 Riksarkiret.
483 4097 537 4144 Det
555 4109 652 4143 serrare
671 4095 733 4143 med
750 4095 898 4144 kanslerns
916 4095 1038 4157 paakrilt
1059 4095 1185 4143 ›Gotnlm
1207 4099 1237 4143 tr
1254 4094 1341 4157 inmte

88 4185 245 4248 konceptet
265 4183 310 4232 tlll
328 4179 520 4243 nisttoljsude
538 4180 601 4228 bret
618 4178 728 4227 lorsedt
745 4179 807 4227 med
826 4184 868 4228 ott
885 4181 999 4240 omslag,
1018 4180 1102 4227 orara
1117 4180 1248 4228 kanslern
1261 4193 1342 4241 egen·

88 4270 212 4332 hendigt
239 4266 369 4316 tecknat:
398 4264 566 4327 ›Conceptio
592 4264 744 4319 literarum,
768 4277 836 4326 quas
859 4264 924 4312 dedi
946 4264 982 4312 ad
1000 4263 1127 4312 Gdtnium
1147 4268 1175 4311 et
1193 4263 1340 4313 Bellintum

89 4353 293 4405 Wolmamiae.»
