3288 5330
1239 474 1302 538 437

97 637 209 701 literas
245 637 441 722 perferendi3
475 655 508 702 et
540 638 668 724 quoties
703 640 767 703 alia
800 639 1016 705 commodiore
1050 641 1103 703 via
1129 664 1194 704 non
1223 653 1347 727 potero,

98 751 172 801 utar
206 752 241 802 ct
273 738 341 824 ipse
375 737 444 802 hac.
500 738 632 803 Interim
667 763 742 804 cum
774 740 838 804 iter
866 742 927 804 hoc
950 741 992 805 sit
1015 741 1124 804 multis
1149 741 1346 805 anfractibus

97 838 307 925 implicitum,
341 854 374 903 et
401 839 612 904 missitatione
640 840 701 905 huc
728 839 807 906 illuc
831 841 939 905 literas
962 843 1075 906 reddat
1096 854 1221 906 veteres
1244 857 1277 906 et
1298 843 1347 906 in·

98 953 207 1025 gratas
241 962 330 1025 aeque
364 962 400 1004 ac
433 940 576 1017 inutiles,
612 942 665 1028 egi
692 940 744 1005 hic
768 964 841 1005 cum
864 942 1002 1027 quodam
1025 942 1149 1006 Davide
1173 942 1346 1019 Gronovio,

98 1038 240 1103 servitiis
268 1040 426 1104 Electoris
454 1040 707 1128 Brandeburgici
730 1065 794 1105 non
817 1043 940 1127 ignoto,
964 1056 1001 1105 ut
1023 1042 1050 1105 is
1073 1056 1105 1106 et
1127 1042 1236 1107 literas
1260 1065 1347 1108 meas

98 1141 136 1205 'ad
165 1154 199 1204 te
217 1141 467 1218 'transmitteret
498 1154 531 1205 et
553 1141 581 1205 si
604 1166 682 1228 quas
706 1143 744 1206 ad
768 1166 818 1208 mc
842 1144 976 1219 dederis,
999 1143 1157 1229 reciperet
1178 1167 1235 1229 per
1257 1166 1347 1208 sena·

99 1256 202 1304 torem
226 1240 386 1328 quendam
410 1241 625 1306 Stetinensem
648 1243 777 1307 nomine
801 1243 959 1308 dacobum
984 1243 1162 1321 Simonson,
1185 1259 1272 1309 recta
1290 1267 1347 1330 per

98 1343 211 1405 urbem
252 1341 473 1407 Gedanensem
513 1344 726 1429 perferendas.
783 1343 902 1422 Quodsi
937 1345 1039 1430 igitur
1070 1357 1142 1408 tuas
1176 1345 1346 1409 tradideris

96 1444 186 1507 dicto
220 1443 344 1508 Jacobo
378 1444 555 1521 Simonson,
586 1458 664 1530 puto
691 1445 773 1510 bene
797 1445 877 1508 mihi
899 1446 1053 1509 traditum
1075 1445 1127 1522 iri,
1150 1468 1209 1510 neo
1232 1468 1344 1532 parum

97 1566 148 1607 me
173 1545 329 1629 temporis
351 1543 507 1608 lucratum
531 1566 609 1609 esse.

183 1644 281 1729 Apud
316 1668 374 1708 nos
409 1668 464 1731 per
498 1646 559 1708 Dei
593 1646 729 1733 gratiam
761 1661 878 1733 cuncta
906 1647 959 1710 hic
986 1646 1063 1710 satis
1086 1660 1172 1711 recte
1195 1660 1345 1734 aguntur.

98 1744 211 1809 Hostis
245 1745 316 1809 loco
350 1758 442 1809 sueto
475 1747 513 1809 ad
550 1745 779 1810 Derschaviam
810 1747 944 1821 desidet,
967 1761 1001 1811 et
1025 1747 1180 1812 Maiorem
1202 1746 1346 1810 Insulam

97 1846 295 1932 miserosque
328 1845 467 1910 rusticos
501 1845 649 1925 divexat3
684 1870 754 1932 pars
788 1848 1021 1934 Episcopatum
1049 1848 1283 1912 Warmiensem
1313 1862 1346 1912 et

97 1947 238 2010 vicinam
263 1946 419 2010 Ducalem
442 1947 621 2011 Bomssiam
646 1947 758 2034 diripit
779 1961 812 2010 et
834 1971 965 2012 suorum
981 1948 1093 2035 spoliis
1108 1948 1246 2013 ditescit.
1278 1949 1345 2012 Nos

97 2061 269 2133 postquam
291 2048 406 2111 ceteris
429 2048 638 2111 munimentis
661 2049 812 2112 adversus
835 2049 982 2134 quamvis
1004 2050 1070 2112 vim
1085 2050 1162 2113 satis
1179 2050 1345 2136 prospexi·

96 2171 179 2223 mus,
214 2170 288 2212 curn
322 2149 468 2213 exercitu
502 2147 720 2233 hybernamur
752 2149 900 2235 Elbingae
928 2150 1191 2236 etllsrieburgi‚
1215 2164 1345 2214 etcum

97 2264 256 2313 nostrates
280 2249 445 2335 hostisque
468 2248 656 2333 pabulatum
680 2262 811 2326 exeunt,
834 2273 1072 2335 nonnumquam
1095 2250 1269 2315 levioribus
1292 2274 1345 2313 ve·

97 2349 302 2413 litationibus
333 2350 470 2414 militem
497 2370 699 2430 exercsmns;
732 2364 844 2436 estque
867 2351 953 2436 quod
977 2352 1045 2416 Deo
1070 2366 1344 2438 agamrrsgrates,

97 2451 152 2536 qui
187 2453 252 2514 huc
278 2471 381 2536 usque
408 2472 535 2535 semper
558 2450 702 2537 partibus
725 2451 842 2515 nostris
864 2451 956 2526 favit,
982 2465 1017 2516 ut
1038 2451 1108 2515 sine
1132 2451 1199 2515 ulla
1217 2453 1346 2536 jactura

97 2551 290 2614 nostratium
314 2564 486 2636 vagantem
510 2550 573 2615 hnc
595 2551 674 2616 illuc
694 2552 820 2616 hostem
842 2575 959 2637 magno
974 2576 1107 2617 numero
1123 2553 1344 2616 ceciderimus.

97 2651 200 2730 Quam
241 2650 373 2739 egregio
411 2664 518 2715 autem
555 2665 782 2738 stratagemate
819 2654 871 2718 die
906 2656 923 2716 7
957 2651 1134 2739 dan[uurii]
1165 2654 1251 2717 ultra
1283 2654 1346 2717 250

96 2752 241 2817 hostiurn
264 2751 337 2815 cresi
361 2764 444 2827 sunt,
469 2776 511 2816 ex
534 2752 685 2818 adiuncto
707 2754 809 2818 relatu
833 2754 997 2840 intelliges
1007 2754 1043 2836 ¹).

182 2853 302 2917 Praeter
334 2852 395 2916 hoc
423 2854 621 2917 memorabili
650 2854 785 2919 victoria
814 2856 933 2940 Regem
955 2867 1101 2919 nostrum
1126 2855 1213 2921 Deus
1236 2853 1346 2918 beavit

96 2955 129 3017 in
163 2953 313 3029 Livonia,
348 2954 402 3017 ubi
433 2953 485 3017 die
509 2956 550 3018 24
571 2954 794 3041 Novembsris]
817 2957 891 3020 anni
916 2955 1067 3041 praeteriti
1090 2956 1158 3019 dux
1181 2955 1345 3019 exercitus

96 3053 293 3119 Lithwanici
328 3053 516 3119 Alexander
549 3054 794 3133 Gonseufskius‚
829 3056 990 3142 palatinus
1019 3056 1264 3133 Smolencensis‚
1288 3078 1345 3141 per

97 3154 290 3220 Generalem
323 3168 476 3225 nostrum.
510 3156 662 3220 comitem
695 3156 735 3220 de
769 3155 891 3232 Lache,
919 3157 957 3220 ad
989 3155 1134 3220 Vendam
1158 3155 1269 3242 praelio
1291 3156 1344 3220 de·

96 3255 238 3321 bellatus
260 3268 293 3319 et
314 3257 348 3319 in
370 3255 483 3344 fugam
506 3257 669 3322 coniectus
692 3271 755 3335 est3
779 3257 868 3319 eaesis
890 3257 924 3320 in
946 3257 1019 3321 loco
1044 3257 1143 3342 prelii
1167 3256 1250 3320 ultra
1271 3256 1343 3333 500,

96 3356 202 3443 captis
229 3379 295 3420 uno
321 3358 476 3443 magistro
499 3358 655 3444 equitum,
678 3356 803 3421 duobus
826 3357 1010 3442 capitaneis,
1036 3360 1053 3421 7
1077 3356 1280 3435 vexilliferis,
1303 3357 1345 3420 20

96 3456 262 3521 nobilibus
296 3470 329 3522 et
361 3481 478 3545 magno
506 3481 639 3522 numero
668 3459 889 3545 gregariorum
912 3458 1063 3529 militum.
1087 3480 1233 3521 necnon
1257 3455 1344 3521 hosti

96 3558 217 3645 ereptis
243 3581 303 3622 sex
324 3559 426 3646 signis
449 3558 651 3623 militaribus.
697 3559 930 3622 Gonseufskius
953 3559 1033 3645 fuga
1055 3559 1116 3622 sibi
1140 3581 1175 3621 ac
1198 3557 1344 3644 reliquiis

95 3660 259 3723 exercitus
293 3658 428 3723 salutem
462 3659 625 3745 quesivit;
658 3659 759 3723 nostri
787 3683 863 3725 vero
893 3660 1060 3723 victoriam
1088 3659 1246 3744 persecuti
1270 3659 1344 3723 Ber·

95 3760 225 3823 aonium
260 3773 356 3845 atque
390 3760 453 3823 alia
484 3760 618 3825 castella
651 3759 805 3838 Limnias,
843 3761 1002 3847 praeterita
1036 3774 1143 3824 aestate
1177 3759 1216 3822 ab
1251 3759 1343 3823 hoste

95 3873 265 3946 occupata,
298 3875 537 3947 recuperarunt.
585 3864 640 3924 An
670 3860 805 3926 ulterius
828 3864 862 3925 in
886 3859 1091 3926 Lithvaniam
1113 3858 1239 3924 hostem
1261 3860 1343 3923 inse-

95 3962 162 4026 cuti
187 3962 348 4048 progressi
371 3962 451 4039 sint²
469 3961 549 4025 mihi
573 3960 703 4048 quidem
726 3964 869 4028 nondum
890 3974 1026 4026 constat.

179 4061 259 4125 Haec
282 4076 314 4127 te
337 4063 417 4127 scire
441 4085 545 4148 operae
569 4063 709 4149 pretium
732 4064 822 4139 duxi,
848 4084 887 4125 ne
910 4061 952 4124 sis
975 4062 1106 4125 omnino
1129 4084 1250 4138 eorum,
1274 4083 1343 4147 quse

96 4161 147 4228 hic
181 4175 348 4250 geruntur,
382 4163 524 4249 ignarus,
558 4175 593 4225 et
624 4178 662 4227 ut
688 4164 825 4228 certiora
847 4161 918 4226 aliis
941 4184 1040 4247 queas
1063 4163 1205 4227 reddere.
1251 4161 1342 4226 Vale.

96 4264 266 4328 Dabant-ur
287 4263 436 4351 Elbingae
458 4264 510 4327 die
535 4264 575 4327 10
596 4263 672 4328 dan.
696 4267 759 4327 An.
785 4265 875 4326 1627.

791 4380 901 4465 Ampl.
924 4395 987 4444 tuae
1011 4380 1112 4443 bonus
1135 4379 1259 4442 amicus

790 4481 929 4545 Axelius
953 4480 1167 4545 Oxenstierna
1193 4503 1258 4576 mp.

179 4604 200 4665 ¹)
228 4604 420 4669 Formodllgen
448 4604 502 4654 deu
525 4604 613 4654 sdsom
638 4605 835 4669 postscriptum
854 4604 898 4652 till
916 4602 1085 4665 loregitenda
1104 4603 1167 4652 bret
1184 4602 1285 4666 fogade
1304 4617 1345 4651 rc-

95 4691 230 4740 lationem
