3310 5338
1239 446 1300 511 621

90 612 186 677 denes
219 610 382 700 Konungu
413 612 592 699 anisompst
617 611 756 676 huiiken
783 610 793 673 i
818 619 875 698 gir
896 610 994 676 medh
1017 613 1149 697 princen
1174 610 1344 676 Vindislec

90 712 102 777 i
126 714 219 777 deses
240 711 331 799 liger
351 712 505 799 enlanget
527 722 571 787 ir,
593 719 628 775 st
651 711 728 776 ville
750 712 790 776 de
813 712 887 776 med
909 712 1029 776 honom
1050 734 1103 776 om
1119 712 1219 777 andra
1234 711 1345 776 condi·

90 813 201 877 tioner
222 812 412 889 eoneuliara,
436 811 634 899 begilrendes
655 813 701 897 vij
726 813 782 877 det
804 833 927 876 samma
948 823 1026 899 glire
1047 812 1135 877 ville.
1172 811 1242 877 Och
1260 825 1295 877 ir
1311 819 1345 876 si

91 985 254 1041 vertebant:
282 984 361 1033 dubii
388 985 603 1035 attrahebantur
629 990 658 1036 et
684 985 878 1043 firmabantu13
902 986 1049 1050 multique,
1076 986 1124 1048 qui
1152 986 1288 1037 hactenus
1311 986 1345 1035 de

90 1070 176 1132 reglis
198 1068 282 1132 jussis
304 1075 334 1117 et
355 1068 502 1119 destinatis
521 1083 573 1118 non
594 1068 908 1131 maleaeneerant,1'am
928 1068 982 1117 sibi
1000 1082 1109 1132 quoque
1128 1073 1157 1117 et
1175 1071 1273 1132 patria
1292 1083 1346 1118 me·

90 1156 173 1202 tuere
192 1156 339 1215 cnpemnt.

179 1235 302 1299 Ideoque
329 1235 517 1285 serenissimus
543 1235 599 1285 Rex
627 1236 750 1297 Carolus,
774 1242 833 1285 tum
861 1238 941 1297 regni
963 1235 1147 1295 Gubernator,
1168 1241 1198 1285 et
1216 1237 1264 1300 qui
1283 1250 1345 1286 cum

93 1323 156 1385 ipso
183 1333 233 1383 pro
260 1321 393 1382 reiigione
421 1333 453 1369 ac
479 1319 571 1383 patria
596 1321 729 1370 libertate
752 1318 875 1379 stabant,
893 1320 969 1370 bisce
989 1320 1147 1370 actionibus
1165 1320 1245 1385 Regia
1264 1321 1346 1384 Bigis·

92 1403 191 1453 mundi
209 1407 239 1452 et
256 1405 373 1453 aliorum
392 1403 493 1453 civium
511 1403 731 1454 incarceratione
751 1404 1005 1464 commovebantur,
1023 1408 1062 1463 ut,
1080 1403 1160 1453 initio
1178 1406 1298 1455 inermes
1317 1410 1347 1454 et

92 1502 151 1538 sum
179 1486 295 1550 quisque
321 1487 394 1536 domi
417 1486 581 1545 residentes,
603 1502 676 1537 nunc
699 1492 772 1537 metu
796 1487 940 1550 compulsi,
958 1502 1042 1548 arma,
1060 1501 1096 1536 ne
1115 1490 1346 1552 opprimerentur,

91 1573 219 1635 capiunt,
238 1570 456 1635 adventanthue
474 1570 541 1635 Regi
559 1570 668 1620 obviam
687 1576 764 1633 eunt,
781 1571 851 1621 nihii
870 1570 947 1620 aliud
965 1575 1130 1635 quaerentes,
1149 1587 1228 1636 quam
1246 1572 1346 1625 utBex

93 1656 180 1704 ermia
205 1655 339 1717 deponitis
362 1669 417 1703 non
435 1654 552 1715 hostem,
570 1654 618 1703 sed
638 1655 736 1718 Regem
756 1661 861 1717 ageret,
878 1669 990 1718 regnum
1009 1655 1129 1718 patrium
1149 1655 1185 1703 ad
1203 1656 1346 1719 praescrip·

91 1745 153 1789 tum
175 1740 269 1801 legum
287 1751 453 1801 suorumque
470 1740 667 1801 promissorum
674 1737 704 1799 (1)
723 1745 840 1802 regeret,
859 1744 888 1788 et
905 1744 1004 1789 exorta
1022 1739 1138 1789 dissidia
1156 1742 1233 1803 regie
1250 1742 1347 1790 autho·

91 1825 179 1872 ritate
206 1827 393 1884 componeret.
439 1821 493 1871 Sed
520 1822 596 1872 hisee
623 1821 784 1884 justissimis
809 1823 940 1887 precibus
964 1824 1110 1885 neglectis,
1130 1837 1190 1873 cum
1209 1838 1345 1873 armorum

92 1908 294 1970 disceptationi
319 1906 354 1956 ad
380 1906 542 1969 Linoopiam
569 1920 613 1957 res
636 1909 864 1967 committeretur,
887 1910 946 1958 acie
967 1909 1066 1967 victus,
1084 1908 1126 1955 lte
1143 1907 1240 1957 divina
1256 1907 1346 1972 provi·

93 1991 194 2040 dentia
220 1991 395 2053 disponente,
420 1992 498 2041 venit
519 1991 548 2039 ln
570 2004 681 2040 manum
703 1993 796 2054 patrui
814 1992 864 2040 sui.
900 1991 958 2040 Nec
977 1992 1075 2041 deerat
1093 1996 1192 2054 patruo
1210 1992 1345 2054 bonisque

92 2074 202 2123 uiribue
227 2075 302 2123 idem
328 2074 372 2137 jus
400 2088 432 2124 ae
459 2079 583 2138 potestas
611 2075 646 2124 de
670 2075 730 2139 ipso
749 2075 894 2125 statuendi
911 2075 950 2137 ld,
968 2076 1041 2138 qnod
1061 2074 1126 2124 olim
1144 2089 1245 2139 parens
1263 2075 1345 2137 Regis

93 2158 267 2220 sigismundi
294 2162 323 2208 et
349 2158 468 2208 Ordines
490 2160 569 2221 regul
587 2163 745 2209 statuerant
762 2160 797 2208 de
813 2160 902 2208 iratro
921 2159 1008 2223 ipsine
1027 2160 1109 2209 Erico
1128 2160 1346 2222 decimoquarto,

92 2256 185 2323 eoque
211 2243 311 2306 potior,
337 2243 412 2306 quod
439 2242 514 2293 lirici
541 2242 622 2305 Regis
650 2243 756 2294 delicia
782 2243 984 2307 quodammodo
1011 2245 1122 2307 privata
1145 2246 1225 2292 etex
1244 2242 1345 2293 mentis

93 2326 261 2388 aegritudine
280 2326 408 2389 proiecta
425 2328 534 2376 censeri
550 2328 667 2389 possint,
686 2341 747 2378 cum
765 2328 810 2377 hle
829 2329 855 2377 in
873 2329 962 2391 lpsem
975 2327 1173 2390 rempublicam
1187 2331 1346 2391 statumque

94 2409 177 2473 regni
202 2409 344 2475 publicum
366 2415 396 2459 et
416 2410 580 2472 religionem
598 2416 755 2474 peccassem
773 2413 828 2460 niel
846 2413 937 2475 pletas
956 2410 1037 2472 Regis
1056 2410 1149 2460 Caroli
1167 2415 1197 2461 et
1214 2411 1345 2462 Ordinem

93 2495 258 2557 obsequium
277 2508 310 2542 ac
328 2494 471 2543 veneratio
490 2493 566 2543 allud
585 2495 731 2544 consilium
750 2500 852 2545 eventu
870 2496 981 2544 noxium
1001 2494 1267 2544 aubministressent.

181 2578 239 2627 Rex
266 2579 339 2627 enim
367 2576 480 2627 Carolus
507 2590 536 2627 ee
558 2580 657 2641 ipsum,
678 2581 775 2642 paucis
794 2581 964 2637 comitatum,
983 2577 1018 2626 ed
1037 2578 1194 2627 testandum
1214 2578 1346 2628 aiiectum

93 2675 175 2712 snum
192 2663 222 2710 in
240 2660 349 2725 Regem,
367 2662 397 2710 in
414 2660 495 2711 innius
513 2674 610 2712 manus
628 2662 716 2722 dedit,
735 2667 764 2713 et
782 2676 842 2712 cum
861 2663 924 2725 ipso
941 2660 1098 2711 amnistiam
1111 2663 1232 2711 omnium
1245 2676 1348 2721 eorum,
1436 2710 1440 2713 ,

92 2760 158 2810 quas
185 2750 250 2795 scta
275 2749 386 2799 essent.-
403 2745 523 2809 papiglt3
549 2751 608 2796 tum
636 2753 668 2797 ut
691 2748 749 2798 Rex
765 2746 974 2806 Stokhoimism‚
992 2746 1085 2796 sedem
1103 2747 1215 2809 regiam,
1233 2761 1264 2797 se
1282 2760 1346 2796 eon·

93 2832 194 2890 terret,
221 2829 335 2879 comltle
361 2835 536 2890 convocaret,
558 2836 669 2881 exortas
692 2832 895 2881 controversias
917 2830 1028 2883 audiret
1046 2842 1078 2877 sc
1095 2830 1248 2891 decideret,
1267 2833 1346 2893 regni

91 2912 285 2979 gubernacula
311 2918 474 2971 resumeret3
501 2913 613 2964 iuterim
640 2920 671 2963 ut
698 2918 836 2965 exercitus
865 2917 993 2978 utrinque
1020 2914 1216 2973 dimitteretur,
1240 2920 1269 2964 et
1289 2914 1346 2963 Rex

94 2998 213 3048 Carolus
240 2998 269 3045 in
297 2995 433 3047 Ducatnm
457 3012 535 3046 suum
557 2998 714 3055 secederet;
733 2999 780 3062 qui
798 3004 882 3062 pacta
900 3012 954 3047 non
973 3002 1119 3056 seruasset,
1138 2998 1173 3045 ab
1192 3000 1251 3046 elus
1271 2998 1347 3047 obse·

93 3081 164 3145 quio
190 3085 221 3129 ut
246 3080 365 3130 Ordines
391 3082 473 3131 liberi
500 3089 599 3131 essent.
644 3081 736 3131 Rebus
763 3084 803 3132 ita
825 3082 994 3145 compositis,
1013 3085 1227 3144 cunctorumque
1248 3082 1346 3130 enimin

92 3164 152 3230 iam
171 3165 243 3214 laetis
261 3169 291 3213 et
308 3164 362 3214 sibl
381 3169 474 3214 mutuo
493 3166 707 3227 gratulantibus,
727 3166 890 3225 disceditur,
910 3164 1033 3228 Regiqne
1053 3163 1227 3228 Sigiamundo
1239 3169 1346 3227 septem

93 3262 181 3298 nerea
200 3248 310 3298 bellicae
327 3248 485 3309 traduntur,
506 3250 588 3299 utils
607 3250 806 3300 Stckiioimlam
826 3250 988 3299 devehatur.
1023 3249 1128 3306 Quibus
1145 3248 1195 3298 ilie
1214 3262 1289 3299 mare
1307 3248 1347 3296 in·

92 3347 216 3398 gressus,
243 3345 302 3381 cum
331 3333 508 3383 Stokinolmiae
535 3340 723 3397 exspectetur,
746 3334 927 3397 excipiendae
946 3334 1068 3383 omnium
1087 3333 1160 3381 votis
1178 3337 1208 3381 et
1225 3332 1347 3395 grutuia·

91 3417 229 3476 tionibus,
255 3418 305 3465 ilie
333 3418 472 3467 conversis
500 3418 570 3467 velie
596 3420 686 3482 primo
713 3417 909 3476 Calmarnlam,
937 3416 1040 3466 deinde
1062 3417 1224 3466 Dantiscum
1246 3417 1346 3466 relicta

93 3503 192 3565 patria
209 3500 358 3563 navigavit.
388 3501 424 3549 iit
443 3516 515 3550 anno
533 3503 662 3564 sequenti
681 3504 793 3550 clasaem
814 3513 899 3559 suam,
912 3505 943 3548 ut
956 3501 1143 3563 iilffsburgum
1157 3504 1307 3563 occuparet
1319 3504 1348 3548 et

92 3584 190 3635 vicina
208 3583 312 3634 Sueeiae
330 3589 393 3635 tots
410 3584 626 3648 depraedaretur,
645 3585 737 3635 emisit
747 3585 780 3644 *1.

182 3672 205 3717 6.
246 3669 291 3717 Ita
319 3667 377 3718 Rex
406 3669 593 3732 sigismundus
624 3683 640 3717 a
667 3668 757 3732 pactis
785 3668 929 3718 conventia
956 3665 1175 3730 Lincopensibus
1203 3667 1346 3719 discessit:

93 3752 285 3803 Oaimarniam
310 3753 457 3802 discedens
484 3753 612 3816 praesidio
639 3754 775 3817 perigrini
801 3753 899 3802 militie
922 3752 1054 3801 adversus
1076 3753 1196 3814 patriam
1214 3752 1346 3805 firmerlt;

92 3850 222 3900 regnum,
248 3836 391 3885 turbatum
419 3841 483 3886 ante
511 3836 617 3886 artibus
644 3841 673 3885 et
700 3851 772 3886 nunc
799 3850 848 3899 ape
870 3836 992 3885 meliorie
1014 3836 1104 3884 statue
1123 3841 1253 3893 erectum,
1272 3836 1348 3884 civili

93 3922 172 3970 bello
199 3924 229 3969 et
249 3921 411 3970 calamitate
431 3921 583 3984 implicuit:
605 3920 783 3984 decernitque
801 3935 855 3970 nou
875 3920 956 3969 modo
974 3930 1030 3976 ecs,
1049 3919 1096 3981 qni
1115 3934 1164 3983 pro
1182 3920 1275 3983 patria
1293 3921 1346 3967 ste·

93 4007 201 4064 tersum,
228 4003 277 4052 sed
305 4008 334 4053 et
356 4005 429 4062 iilos,
452 4004 498 4068 qui
521 4018 685 4068 quocunque
704 4003 821 4054 consilio
840 4008 934 4067 partes
952 4005 1039 4066 ipsius
1058 4003 1227 4066 sigismundi
1245 4002 1347 4052 sectati

93 4089 219 4147 inerant,
237 4091 268 4135 nt
286 4088 343 4136 iliis
361 4089 524 4138 consulendi
543 4090 649 4152 patriae,
668 4088 711 4138 hls
730 4089 813 4138 etiem
832 4087 886 4136 sibi
904 4088 1098 4137 necessitatem
1117 4088 1286 4150 imposuerit.

182 4174 206 4219 ἵ.
242 4171 367 4221 Armarit
384 4186 418 4221 ex
436 4187 469 4222 eo
487 4173 533 4221 die
551 4172 586 4222 de
604 4187 674 4223 noro
693 4172 801 4222 nobiles
820 4186 852 4222 ac
870 4172 975 4221 militen
994 4170 1148 4220 Finlandiae
1165 4173 1194 4220 ln
1213 4170 1346 4234 patriam

95 4256 215 4305 Bstones
242 4254 388 4313 excitavit;
415 4256 531 4305 classem
553 4272 638 4318 auam,
661 4262 692 4306 ut
710 4257 873 4320 Risburgum
892 4269 924 4305 ac
942 4254 1174 4317 Westrogotbiam
1191 4254 1348 4313 invaderet,

95 4352 170 4388 anno
193 4338 322 4401 sequenti
344 4340 449 4396 emisit;
476 4341 546 4391 nihil
569 4357 625 4391 non
646 4339 794 4401 moliendo,
813 4339 887 4402 quod
904 4338 1019 4387 turbere
1037 4337 1156 4400 patriam
1175 4339 1270 4401 megla,
1288 4339 1347 4387 elue

94 4423 170 4472 virsa
191 4423 328 4483 accidere,
350 4422 393 4487 jus
412 4430 441 4474 et
460 4424 623 4489 dignitatem
643 4427 774 4483 minuere,
794 4425 935 4485 bonoeque
954 4421 1028 4471 eires
1047 4420 1220 4471 detrimentis
1239 4420 1347 4470 eiiicere

183 4570 209 4633 *i
236 4574 309 4624 Siata
335 4580 430 4625 satsen
455 4574 507 4624 »nt
519 4588 599 4624 caseo
617 4578 740 4639 sequenti
756 4598 789 4609 -
806 4598 839 4608 -
857 4598 890 4607 -
909 4596 940 4607 -
960 4575 1064 4622 emiaits
1085 4571 1256 4621 tilisisriiren
1274 4572 1348 4621 eiter

98 4659 148 4710 det
165 4658 265 4722 dirige.
