3264 5354
1248 449 1286 511 ll

87 615 172 678 nodo
206 614 351 679 obtineri
387 614 497 701 possit,
521 628 557 678 tu
583 613 717 679 videbis.
762 615 812 679 De
836 613 1079 679 *Wismsriensi
1101 615 1131 679 S.
1155 617 1193 680 R.
1215 614 1329 679 Mnus*

84 717 143 800 jun
169 714 307 802 obdique
322 714 526 780 sollicitavit
549 715 683 780 'ducem
708 714 985 802 Megspolitenum
1008 715 1198 802 Adolphum
1221 715 1332 779 Fride·

88 816 217 893 ricum'3
253 838 370 881 vorum
403 816 431 879 is
454 814 582 881 videtur
603 815 643 880 ab
665 816 754 881 hisce
777 815 961 880 'consiliis'
985 815 1082 902 poulo
1105 815 1249 892 alienior,
1271 839 1331 880 nec

89 917 197 981 'sudet
231 916 265 980 S.
290 917 328 980 R.
353 917 470 980 Mass*
494 914 718 981 vehementius
751 916 909 993 insistere,
935 940 976 981 ne
1010 939 1074 981 non
1107 930 1173 982 torn
1201 939 1331 981 oausam

88 1017 245 1103 publicem
281 1040 380 1104 quom
414 1039 504 1081 susm
538 1040 635 1104 cgere
668 1017 827 1082 videatur.
871 1017 1065 1083 'Vestrum'
1093 1018 1201 1103 itoque
1230 1017 1330 1081 'erit'

88 1118 218 1183 notiones
251 1117 406 1183 invenire
438 1117 716 1204 'Megspolitonos
749 1117 930 1204 prinoipcs'
958 1118 1131 1183 inducendi
1160 1117 1220 1182 'sd
1246 1141 1332 1182 com·

88 1241 175 1283 nune
209 1218 352 1293 faedus'‚
387 1241 423 1282 nc
457 1217 561 1304 primo
584 1217 727 1304 quidem,
755 1219 782 1282 si
806 1218 923 1304 placet,
945 1219 1092 1284 tentandi
1117 1218 1251 1283 'ducem
1275 1217 1333 1282 Jo-

90 1319 219 1383 hannem
261 1319 469 1396 Albertum'‚
501 1317 603 1404 idque
640 1340 697 1405 per
728 1317 830 1404 ipsius
864 1320 1028 1384 'socerum
1067 1318 1333 1407 Landgrnffvium

90 1420 235 1498 Hessiae',
258 1435 299 1485 ut
319 1422 349 1485 is
365 1422 540 1507 'generum
555 1420 672 1483 suum'
686 1419 792 1506 primo
808 1443 844 1484 cc
859 1420 975 1485 deinde
992 1420 1127 1485 *ducem
1142 1419 1331 1506 Adolphum

91 1520 310 1584 Pridericum·
326 1519 389 1585 hnc
406 1520 569 1606 pertrahat
585 1543 622 1585 cc
637 1521 836 1607 persuadeat.
860 1520 1048 1608 Lsotgnvii
1064 1521 1230 1585 columitas
1246 1522 1334 1607 apud

91 1622 283 1707 ‘generum'
309 1622 447 1686 multum
473 1620 603 1708 poterit,
626 1635 659 1687 et
680 1621 778 1707 hujus
802 1621 951 1686 voluntas
975 1623 1061 1707 apud
1085 1622 1266 1687 'fratrem*.

165 1722 337 1809 Exspecto
370 1745 455 1786 nunc
489 1722 603 1798 indies,
625 1722 703 1809 quid
734 1722 852 1787 sentias
874 1724 915 1788 de
937 1722 1000 1787 hoc
1023 1737 1057 1787 et
1079 1723 1217 1810 singulis
1240 1724 1334 1787 'con-

91 1823 148 1887 silii
178 1824 287 1909 regii*
321 1821 492 1908 capitibus,
525 1844 605 1909 quos
631 1822 840 1888 difficultates
862 1823 1005 1909 'superori
1028 1836 1169 1888 autnon
1191 1823 1334 1909 superori

94 1946 176 2008 posse
205 1923 362 2007 judices?
405 1923 513 1987 Tuum
541 1923 627 1988 enim
650 1947 722 1989 acre
740 1924 903 2009 judicium
916 1925 953 2007 ι),
976 1947 1019 1988 ex
1040 1923 1334 1989 communicatione

93 2047 157 2088 cum
180 2024 353 2112 'principe
375 2023 540 2088 Aursico'
564 2024 773 2101 illust-return,
796 2025 972 2111 plurimum
995 2024 1078 2089 lucis
1098 2025 1190 2089 nobis
1210 2024 1335 2089 adferet

93 2125 121 2186 in
150 2140 240 2189 recte
276 2125 446 2189 censendis
479 2124 529 2200 iis,
563 2146 634 2210 quae
666 2125 707 2190 od
740 2138 837 2189 tsntae
864 2124 1102 2212 'expeditionis
1129 2126 1334 2213 progressus*

94 2225 258 2312 quioqusm
292 2227 401 2290 fecere
435 2238 597 2311 poterunt.
643 2225 777 2291 Interim
802 2225 879 2290 dum
902 2248 959 2290 vos
982 2227 1197 2314 properandis
1220 2226 1335 2290 animis

94 2328 122 2388 in
153 2327 311 2415 'Anglis,
345 2325 537 2391 Germanic*
571 2339 668 2413 atque
703 2325 821 2391 'alibi'
854 2327 1055 2403 incumbitis,
1087 2327 1137 2392 ·S.
1160 2327 1197 2391 R.
1221 2326 1334 2391 Mztss'

95 2428 282 2513 providebit,
307 2441 344 2491 ut
366 2451 414 2502 cc,
437 2450 508 2513 quae
532 2427 640 2492 'domi
661 2441 776 2492 nostre
792 2428 916 2512 pareri*
932 2443 1076 2515 possunt,
1092 2427 1158 2493 sint
1174 2428 1335 2513 'parate'.

95 2528 208 2606 Quodsi
229 2552 312 2593 vero
333 2541 439 2593 tontes
462 2527 651 2593 inveneritis
672 2527 892 2606 difficultates,
915 2542 952 2593 ut
974 2529 1209 2615 desperandum
1232 2527 1275 2591 sit
1296 2527 1336 2591 de

95 2629 215 2716 negocii
250 2651 414 2705 successu,
448 2644 484 2692 tu
518 2628 639 2714 optime
671 2630 817 2694 fecturus
850 2652 893 2707 es,
917 2631 944 2694 si
972 2652 1029 2694 nos
1051 2630 1121 2694 eius
1143 2628 1337 2715 tempestive

97 2730 303 2808 admonueris,
327 2752 368 2794 ne
390 2751 519 2816 operam
543 2742 639 2816 etque
663 2728 771 2793 oleum
787 2730 967 2817 perdemus.
1001 2730 1131 2795 Etenim
1147 2752 1197 2795 res
1213 2752 1337 2816 megnae

98 2830 208 2896 hebent
245 2831 440 2919 plerumque
478 2842 535 2894 sut
571 2830 681 2916 potius
717 2853 845 2918 semper
883 2853 999 2918 magns
1035 2831 1268 2917 impedimento
1304 2846 1338 2896 et

97 2952 219 3018 msgnos
253 2932 474 3008 difficultates,
509 2953 580 3017 quae
612 2931 792 2996 necessario
818 2932 1020 2997 removendae
1047 2946 1137 3011 sunt3
1168 2934 1338 3018 requirunt

99 3053 217 3118 qnoque
252 3056 389 3120 magnos
422 3046 582 3118 sumptus,
616 3053 814 3119 magnosque
848 3033 1020 3108 adiutores,
1054 3055 1191 3120 quorum
1224 3033 1337 3120 opibus

99 3145 184 3218 etque
218 3158 321 3222 opere
353 3132 481 3197 suffulti
503 3155 577 3197 com
600 3156 657 3219 spe
679 3155 730 3198 res
753 3155 886 3219 magnes
908 3132 1144 3221 aggrediemur.
1189 3133 1338 3219 Denique

99 3249 183 3297 erunt
215 3248 338 3299 cuncte
369 3247 457 3298 recte
490 3233 707 3320 ponderanda,
739 3256 799 3298 nec
833 3233 954 3303 faciles,
976 3257 1034 3298 nos
1063 3256 1132 3299 esse
1155 3248 1283 3321 oportet
1303 3235 1337 3297 in

100 3355 179 3420 spem
211 3351 270 3401 out
303 3347 440 3414 metum3
474 3356 618 3399 summus
643 3357 720 3400 vero
742 3334 798 3399 illc
821 3336 938 3400 Rector
961 3334 1114 3410 universi,
1136 3335 1192 3421 qui
1216 3335 1338 3399 animos

100 3436 238 3522 viresque
273 3434 541 3514 subministrabit,
574 3436 699 3501 exitum
727 3436 797 3500 sine
819 3436 919 3500 dubio
941 3434 1117 3522 largiturus
1139 3448 1188 3499 est
1208 3435 1337 3501 felicem

101 3557 132 3596 sc
151 3558 206 3600 suo
228 3537 354 3602 nomini
379 3536 567 3623 gloriosum.

175 3637 276 3725 Regis
310 3637 486 3701 (inflictum
520 3638 647 3724 legatus
679 3636 827 3701 dominus
862 3638 911 3701 De
945 3637 1052 3723 Heyes
1086 3637 1125 3701 sd
1153 3660 1211 3701 noe
1239 3636 1338 3712 venit,

99 3736 272 3818 juncturus,
307 3737 356 3802 nti
389 3738 495 3815 video,
529 3738 662 3813 animos,
696 3737 722 3801 si
751 3750 866 3823 potest,
890 3738 988 3826 Regis
1011 3738 1075 3803 mei
1099 3752 1194 3824 etque
1218 3736 1338 3813 Daniae‚

101 3850 134 3900 ut
155 3840 240 3902 vires
263 3839 465 3926 coniungent
486 3861 546 3925 pro
567 3838 767 3902 restituendo
788 3861 822 3902 re
845 3840 1008 3903 communi
1030 3861 1066 3903 oo
1089 3837 1339 3919 Palatinotus2).

103 3936 227 4004 Utinam
261 3939 362 4025 Regis
396 3939 508 4003 Doniae
536 3938 678 4002 animum
707 3940 745 4004 od
770 3940 872 4003 amice
894 3940 1029 4003 consilia
1051 3938 1221 4025 disponere
1245 3951 1339 4024 atque

178 4160 197 4222 ¹)
224 4165 289 4215 Med
319 4162 486 4225 judicium
515 4162 610 4225 bbrjsr
636 4163 688 4211 den
718 4164 763 4212 del
791 4163 821 4211 at
847 4163 1003 4226 originalet
1030 4177 1087 4211 som
1115 4164 1188 4210 tnnu
1217 4161 1340 4209 servaras

104 4246 268 4299 iltflnchen.

177 4328 198 4389 ⁸)
219 4333 331 4395 Lndvtg
349 4332 441 4381 XIst
458 4331 579 4381 kreditiv
598 4331 644 4380 tor
661 4331 715 4379 Des
733 4332 826 4393 Enyes
845 4331 890 4380 tul
909 4331 1010 4380 (instat
1026 4329 1111 4379 Adon
1130 4329 1160 4378 ct
1181 4329 1206 4377 d.
1226 4333 1256 4375 231
1277 4328 1340 4378 okt.

106 4416 162 4462 1524
180 4416 266 4466 finnes
282 4416 371 4479 jtmte
389 4415 490 4465 (instet
508 4415 605 4466 Adolie
622 4414 775 4465 rekredttiv
793 4416 802 4464 1
820 4415 905 4479 kopte
922 4415 931 4463 i
950 4412 1134 4474 Riksorklvet,
1146 4412 1263 4471 Gallica,
1278 4412 1342 4461 For·

106 4496 188 4548 hrndl.
206 4500 310 4550 mellan
329 4500 440 4562 Sverigs
458 4499 510 4549 och
529 4482 689 4549 rrankrste'
700 4525 734 4532 -
745 4502 822 4557 168ae
836 4500 922 4548 ondin
932 4497 1199 4561 besklcknlngsskto
1208 4497 1296 4546 flonss
1306 4496 1341 4558 ej.

109 4578 251 4633 Krcditiret
268 4588 302 4633 tr
319 4582 413 4646 tryckt
430 4582 479 4633 hos
498 4582 615 4643 Moser,
635 4582 832 4633 Patr-totitem
849 4582 959 4641 Archiv,
978 4582 1009 4641 V,
1027 4582 1078 4631 old.
1097 4585 1141 4641 ῖ4;
1160 4579 1341 4631 rekrcdttiwt

108 4677 125 4710 s.
140 4679 162 4713 ι.
179 4667 229 4717 rid.
250 4671 308 4717 128.
