3264 5354
1246 425 1288 489 53

165 591 249 655 Sane
282 592 356 656 Rex
382 592 495 656 Daniae
521 593 591 657 eiua
618 590 832 679 adgrediendi
855 613 985 677 magnas
1009 590 1134 657 obtinet
1155 593 1330 656 commodi·

85 704 163 755 tates
195 715 261 777 prae
295 691 325 755 S.
354 693 391 757 R.
420 692 498 757 Mtte
520 691 651 756 domino
674 715 755 756 meo.
799 691 859 755 Est
881 692 968 756 enim
991 705 1079 756 tutus
1102 706 1134 756 et
1157 714 1289 756 securus
1311 717 1330 756 a

86 793 196 856 ceteris
228 792 386 876 partibus,
419 816 479 858 nec
514 793 639 858 hostem
673 792 780 865 habet,
814 792 875 855 nisi
906 815 1001 878 quem
1023 792 1135 878 cupiat
1156 793 1328 857 offendere.

86 892 140 956 Far
171 916 302 980 qnoque
330 892 509 958 Germaniae
535 892 681 970 confinis,
705 905 741 957 ut
759 893 898 978 jungere
921 892 1056 957 consilia
1078 893 1206 957 facilius
1228 894 1331 979 possit

86 1006 115 1057 et
134 995 254 1058 minori
276 994 422 1081 periculo
445 1017 481 1059 ac
503 1008 635 1079 sumptu
657 1016 724 1058 rem
748 994 891 1080 adgredi,
914 1017 974 1058 nec
997 1008 1046 1058 est
1067 994 1156 1079 quod
1175 994 1215 1059 de
1232 1010 1329 1081 portu

87 1109 138 1157 aut
169 1096 247 1160 sede
281 1095 360 1159 belli
393 1096 435 1160 sit
464 1095 624 1160 sollicitus
646 1094 883 1159 distrahaturve
906 1094 1028 1174 anim03
1051 1109 1143 1159 taceo
1165 1095 1271 1181 ipsum
1294 1095 1328 1159 in

86 1212 146 1259 tam
180 1196 336 1259 diuturna
369 1211 466 1283 atque
495 1196 560 1260 alta
587 1218 666 1281 pace
693 1195 762 1258 sine
785 1195 885 1259 dubio
911 1194 1095 1260 thesaurum
1118 1196 1327 1283 congessisse,

87 1297 222 1382 utplus,
245 1296 275 1361 si
296 1296 388 1373 velit,
412 1298 557 1363 conferre
580 1297 690 1382 possit.
735 1296 830 1361 Unde
852 1297 1067 1361 coniecturari
1094 1296 1240 1381 cepimus
1263 1320 1328 1362 non

87 1397 225 1481 potuisse
261 1421 324 1461 non
358 1397 484 1484 placere
518 1398 599 1483 Regi
633 1397 806 1461 Britanniae
842 1420 878 1461 ac
912 1397 1114 1483 principibus
1149 1398 1328 1461 Germaniae

86 1498 178 1586 Regis
204 1499 319 1563 Daniae
341 1498 524 1576 consilium,
546 1499 657 1563 forsan
679 1497 902 1574 acceleratum,
924 1521 999 1562 cum
1023 1522 1064 1563 ex
1088 1499 1210 1584 Anglia
1232 1511 1328 1585 atque

86 1599 213 1665 diunde
238 1599 440 1686 intelligeret
461 1600 502 1663 de
524 1623 562 1663 eo
586 1598 793 1683 suscipiendo
816 1622 892 1663 cum
914 1599 1002 1683 Rege
1026 1621 1097 1663 meo
1119 1612 1226 1664 actum
1249 1623 1327 1664 esse.

165 1700 199 1764 Si
232 1700 379 1765 succedit
411 1701 622 1787 propositum¹
651 1700 850 1786 gratulamur
876 1701 922 1763 rei
945 1701 1120 1777 communi,
1143 1722 1215 1786 quas
1238 1701 1328 1764 reati·

87 1814 192 1865 tuetur
214 1824 251 1865 ac
274 1800 528 1879 conservabitur,
552 1823 612 1864 neo
635 1802 740 1864 minus
763 1800 855 1864 nobis
877 1800 967 1887 ipsis,
984 1802 1069 1887 quod
1086 1815 1119 1865 et
1133 1801 1205 1866 Rex
1220 1816 1330 1866 noster

88 1914 117 1966 et
147 1914 251 1967 status
284 1902 376 1988 regni
405 1900 502 1965 huius
529 1901 680 1965 maximis
702 1902 746 1965 ait
767 1900 920 1987 periculis
944 1903 1157 1988 oneribusque
1181 1902 1329 1967 subleva·

87 2016 149 2081 tua;
181 2016 214 2067 et
241 2002 329 2066 votis
356 2003 474 2066 nostris
501 2016 624 2067 ceteros
647 2025 889 2088 prosequemur,
913 2017 950 2066 ut
972 2004 1080 2067 omnia
1102 2026 1146 2066 ex
1168 2005 1328 2068 sententia

88 2103 266 2168 succedant.
317 2106 363 2168 At
385 2105 412 2167 si
435 2102 640 2188 displicuerit
662 2104 801 2167 Domino
825 2117 881 2168 tuo
903 2105 1085 2190 ceterisque
1108 2104 1169 2168 hoc
1191 2104 1329 2168 destina·

12 2196 13 2199 ¹
88 2218 151 2268 tum
172 2205 273 2291 Regis
297 2205 419 2279 Durriae,
443 2218 499 2267 eut
521 2204 548 2267 si
571 2202 678 2267 minus
700 2206 890 2268 successerit
909 2227 951 2268 ex
967 2205 1203 2269 interveniente
1220 2206 1329 2292 aliquo

88 2306 325 2391 impedimento,
348 2317 460 2391 putate
483 2305 605 2390 Regem
630 2327 736 2368 meum
759 2317 793 2369 ct
815 2328 852 2370 ea
873 2305 972 2369 animi
993 2305 1225 2370 constantiano
1242 2329 1324 2393 mag·

87 2406 229 2471 nitudine
262 2428 341 2477 esse,
376 2420 409 2469 et
442 2428 480 2470 eo
515 2427 622 2470 amore
655 2406 732 2469 ferri
759 2429 837 2493 erga
864 2408 1025 2494 principes
1049 2408 1237 2485 Germania,
1260 2421 1327 2471 tam

89 2530 259 2594 oppressos,
283 2530 381 2593 qnam
404 2507 461 2592 qui
484 2507 623 2593 opprimi
646 2520 805 2584 metuunt
829 2521 865 2570 ut
887 2521 1043 2593 quantum
1065 2510 1167 2595 possit
1188 2531 1245 2595 per
1266 2508 1327 2572 Dei

88 2610 217 2693 gretiam
251 2607 371 2695 opibus
402 2608 477 2683 suia,
511 2622 733 2693 quantumque
768 2609 831 2672 fert
863 2622 965 2673 status
996 2632 1032 2672 ac
1059 2610 1212 2673 securitas
1235 2610 1327 2696 regni

12 2760 13 2783 1
89 2709 185 2786 buius,
214 2710 248 2774 id
275 2721 381 2774 totum
404 2709 519 2773 lubens
541 2709 584 2772 sit
605 2731 818 2772 conversurus
840 2711 874 2773 in
895 2709 1136 2774 restitutionem
1159 2732 1328 2775 conserva·

12 2840 13 2875 r
88 2810 268 2897 tionemque
310 2810 358 2875 rei
396 2810 586 2885 communis,
624 2810 651 2873 si
687 2824 821 2887 ceteros,
858 2834 994 2897 quorum
1030 2811 1175 2889 interest,
1212 2811 1327 2875 eadem

12 2988 13 3003 χ
87 2912 336 2999 promptitudine
371 2911 522 2976 accedere
556 2911 835 2991 animadverterim
869 2936 928 2976 nec
962 2913 1023 2976 erit
1053 2912 1149 2998 culpa
1177 2912 1209 2976 in
1238 2913 1327 2999 Rege

12 3008 13 3019 ’
88 3034 162 3087 meo,
183 3013 211 3076 si
233 3013 312 3099 qnid
334 3013 387 3077 vsl
408 3012 565 3098 temporis
588 3012 641 3077 vel
663 3013 843 3078 occasionis
865 3013 1007 3100 perierit.

163 3114 278 3193 Qnaeso
299 3126 337 3177 ut
358 3136 416 3199 pro
439 3112 622 3178 confidente
645 3115 940 3179 communicatione
963 3128 1073 3179 nostra
1096 3114 1175 3178 mihi
1192 3114 1329 3199 aperias,

87 3236 144 3298 quo
175 3215 247 3279 loco
280 3236 331 3279 rea
358 3236 444 3278 nunc
472 3215 548 3291 sint,
570 3227 605 3279 et
626 3237 689 3301 quo
712 3215 870 3279 inclinent
892 3215 1001 3280 studia
1021 3215 1214 3301 principum.
1261 3215 1325 3280 Diu

88 3316 168 3379 enim
197 3317 233 3381 in
266 3337 422 3402 suspenso
454 3337 583 3379 manere
611 3315 733 3403 Regem
755 3339 863 3381 meum
884 3339 945 3380 nec
968 3340 985 3378 e
1009 3328 1114 3380 vestra
1136 3339 1195 3381 nec
1219 3330 1327 3381 nostra

86 3436 116 3479 rc
146 3430 204 3481 est.
258 3417 307 3481 Ut
340 3429 447 3481 autem
483 3416 550 3480 bare
582 3429 707 3481 secreto
735 3416 913 3481 habeantur
934 3418 995 3502 <ita
1016 3417 1102 3480 enim
1126 3418 1245 3482 videris
1267 3441 1326 3482 nos

86 3512 224 3601 hortari),
246 3531 328 3604 puta
348 3517 411 3581 hoc
434 3517 506 3581 loco
528 3539 600 3582 cum
625 3518 755 3582 nemine
777 3517 1058 3594 communicatum,
1082 3517 1138 3603 qui
1161 3519 1194 3583 id
1212 3517 1325 3583 efferre

87 3630 137 3681 ant
167 3617 299 3684 effutire
331 3618 422 3683 velit.
477 3615 540 3682 Sed
566 3640 640 3682 curn
668 3641 711 3682 ex
738 3619 860 3703 Anglia
881 3619 915 3682 in
939 3619 1078 3682 Daniam
1100 3620 1199 3683 etiarn
1223 3620 1326 3683 minu·

88 3716 203 3782 mima
235 3742 372 3807 quaeque
406 3719 585 3805 perscripta
617 3719 691 3795 sint,
726 3731 759 3783 et
791 3742 841 3783 res
868 3742 941 3783 cum
965 3732 1015 3783 tot
1036 3720 1219 3806 principum
1243 3721 1325 3786 aulis

87 3821 325 3899 communicata,
359 3820 417 3883 vix
450 3819 580 3884 videtur
611 3819 709 3884 celari
742 3843 845 3901 posse.
895 3820 1008 3885 Nihilo
1038 3822 1145 3885 minus
1167 3835 1324 3907 quantum

88 3917 151 3983 lieri
182 3934 301 4007 potest,
334 3919 397 3984 hoc
423 3920 599 3985 celabimus
621 3921 793 4008 negocium
817 3935 851 3984 et
872 3936 985 4006 praeter
1007 3936 1113 3986 cetera
1135 3923 1206 3987 eius
1227 3922 1324 3988 confi·

86 4020 186 4085 ciendi
206 4022 359 4087 rationes.

162 4122 280 4188 Praeter
313 4123 381 4187 haec
407 4121 488 4185 nihil
516 4146 602 4187 nunc
624 4136 684 4199 est,
707 4122 793 4209 quod
816 4122 963 4201 scribam,
986 4146 1059 4188 cum
1082 4147 1130 4201 eu,
1153 4147 1223 4211 quse
1246 4124 1325 4188 alibi

87 4238 242 4306 geruntur,
277 4237 312 4289 et
346 4223 444 4288 citius
470 4236 503 4287 et
525 4224 727 4289 commodius
751 4223 882 4288 aliunde
905 4247 1001 4309 quam
1025 4247 1043 4287 a
1064 4247 1116 4288 me
1138 4248 1324 4313 cognosces.

89 4319 168 4387 Vale.
210 4325 381 4393 Dabuntur
404 4322 611 4388 Stokholmiae
634 4324 686 4389 die
709 4327 728 4390 6
752 4324 875 4410 Aprilis
897 4327 995 4388 Anno
1019 4326 1110 4389 1625.

741 4425 877 4513 Magnis.
901 4439 964 4488 tuae
987 4425 1240 4492 studiosissimus

851 4527 989 4592 Axelius

850 4628 1044 4693 Oxenstiern
1068 4652 1131 4715 mp.
