3310 5338
362 460 423 523 596

321 626 423 691 haltte
455 626 508 690 ich
543 625 661 690 selbest
693 648 744 690 am
767 624 912 702 besthen,
936 626 992 689 das
1016 625 1062 688 sie
1084 625 1166 689 nach
1190 625 1349 689 Dantzich
1373 625 1562 690 besehieden

321 727 458 791 werden.
503 726 639 791 Sonsten
662 726 705 790 ist
726 726 797 789 hier
819 726 896 789 alles
919 724 995 789 still.
1038 724 1225 789 Gottlieben
1248 725 1360 790 sehutr
1383 724 1562 812 empholen.

322 828 442 891 Datum
465 826 592 914 Henptt
614 826 676 891 den
699 828 739 890 25
762 826 845 910 Julij
870 830 934 889 An.
958 827 1039 889 1627

981 943 1047 1008 Des
1069 941 1146 1008 hern
1171 944 1348 1008 Marskalks

961 1043 1208 1131 dienstwilliger
1229 1044 1361 1110 freundt

1180 1145 1279 1210 Axell

1180 1244 1396 1310 Oxenstierna
1419 1269 1483 1332 mp.

410 1383 581 1445 Utaarhrist:
610 1384 692 1433 »Dem
716 1385 789 1434 Hera
813 1383 1005 1448 Kbnigllehem
1020 1385 1327 1435 HoffmarsknlkHerrn
1337 1386 1455 1436 Dldrleh
1474 1386 1564 1436 Μὴ]-

322 1469 468 1530 kenberga.

406 1569 601 1634 ngenhandigt
618 1570 736 1632 original
753 1571 764 1618 1
782 1569 887 1632 Upaala
906 1568 1090 1620 Universltets
1109 1570 1257 1631 ninneton
1275 1570 1305 1619 Ε.
1325 1574 1382 1618 384.

322 1893 396 1950 872.
441 1891 512 1946 'I'ill
534 1890 853 1947 Generalataternas
875 1891 1066 1949 sendebnd.

899 1992 1024 2060 narret
1044 1992 1103 2047 vid
1122 1992 1241 2060 Haupt
1262 1991 1295 2046 d.
1316 1993 1359 2048 26
1379 1993 1457 2048 Jun
1478 1994 1566 2049 1627.

322 2173 377 2224 Fer
394 2179 520 2223 numere
539 2172 609 2221 attal
628 2173 747 2222 retanda
766 2172 919 2221 audleuaen
936 2172 1039 2223 roralis
1056 2176 1086 2223 Δ.
1105 2172 1136 2222 0.
1154 2179 1197 2222 ett
1214 2174 1287 2222 mete
1305 2172 1470 2237 pareliande
1489 2174 1542 2238 dag
1558 2176 1565 2222 i

407 2257 542 2307 auhsau
561 2256 591 2305 at
607 2255 791 2318 Langenield;
811 2271 854 2305 om
873 2255 930 2319 leid
948 2259 992 2307 ter
1009 2257 1183 2307 srenakarne.

649 2385 815 2471 Magnifiei
839 2399 871 2450 et
894 2385 1094 2450 Nobilissimi
1120 2386 1248 2451 Domini

408 2504 540 2570 Diutius
563 2502 715 2589 opinione
739 2526 811 2567 mea
833 2518 1008 2568 remoratus
1030 2525 1101 2567 sum
1125 2503 1245 2569 D:0nes
1261 2527 1352 2579 vzras,
1366 2505 1452 2591 quod
1468 2505 1568 2569 serius

324 2606 500 2691 acceperim
523 2627 711 2690 responsum
735 2628 753 2668 a
775 2604 805 2667 S.
829 2604 866 2668 R.
890 2604 968 2669 Mtte
992 2605 1066 2668 dzno
1089 2628 1139 2669 me
1154 2605 1413 2681 clementissimo,
1430 2606 1569 2692 negotiis

324 2706 394 2770 aliis
418 2706 603 2791 praepedito.
637 2705 731 2769 Nunc
754 2704 874 2770 onnes
896 2728 978 2769 vzras
1001 2705 1247 2791 significandum
1270 2706 1361 2781 duxi,
1385 2706 1415 2769 S.
1440 2706 1476 2769 R.
1499 2706 1572 2770 Mai

323 2806 462 2871 reditum
496 2820 637 2870 vestrum
672 2830 689 2869 e
714 2805 849 2870 Polonia
870 2806 1089 2893 gratissimum
1112 2825 1196 2883 esse3
1219 2829 1356 2893 cumque
1377 2829 1468 2893 spem
1485 2831 1572 2893 pros·

324 2908 393 2991 peri
427 2929 592 2971 successus
625 2904 760 2993 ist[h]oe
793 2906 828 2970 in
860 2908 993 2994 negotio
1021 2908 1108 2983 pacis
1134 2906 1265 2979 faciant,
1288 2929 1327 2970 eo
1349 2929 1382 2970 se
1405 2907 1572 2971 lubentius

324 3007 443 3091 Dzoqes
465 3030 549 3071 v:ras
573 3006 765 3084 audituram,
789 3020 822 3070 et
844 3007 907 3070 lata
929 3008 1097 3072 occasione
1120 3031 1177 3094 pro
1199 3029 1304 3071 amere
1328 3031 1364 3072 ae
1388 3008 1497 3071 studio
1520 3032 1573 3093 ps·

323 3109 369 3172 cis
392 3130 449 3171 suo
472 3131 547 3171 cum
569 3108 609 3171 iis
632 3109 951 3173 communicaturum.

410 3208 551 3273 Veniant
573 3233 650 3297 ergo
674 3210 792 3274 Dtones
815 3231 888 3272 vtrae
911 3210 949 3273 ad
973 3232 1041 3287 nos,
1064 3210 1090 3273 si
1113 3210 1160 3273 ita
1181 3210 1318 3285 videtur,
1342 3209 1394 3274 die
1417 3211 1575 3286 crastin03

324 3332 440 3395 easque
464 3310 684 3397 concipiemus
699 3310 778 3375 hora
792 3310 896 3396 prima
912 3311 1142 3395 pomeridiana,
1159 3309 1265 3373 medio
1281 3311 1366 3373 inter
1381 3307 1448 3373 haee
1464 3324 1577 3374 nostra
1604 3384 1605 3397 χ

324 3425 357 3474 et
379 3410 572 3474 Polonorum
595 3424 698 3475 eastra
721 3411 801 3487 loeo,
826 3424 862 3474 nt
883 3409 925 3496 [oz
940 3408 1013 3497 adi]
1036 3432 1183 3497 aggerem
1200 3409 1337 3474 Vistulae
1353 3410 1577 3495 oppositume
1603 3458 1604 3475 .

323 3512 455 3597 regione
479 3513 568 3598 pagii
591 3512 822 3597 Langenfeldt,
839 3527 872 3576 et
886 3511 1034 3576 deductis
1051 3512 1083 3573 in
1101 3510 1419 3579 locumdestinatum
1435 3511 1577 3575 ulterius
1602 3514 1603 3555 t

324 3633 397 3674 eum
431 3612 472 3675 iis
505 3611 815 3676 communicabimus
843 3613 883 3675 de
906 3611 978 3675 loeo
1000 3624 1208 3697 temporeque
1232 3610 1262 3673 S.
1286 3612 1324 3675 R.
1346 3611 1434 3675 Mztis
1457 3634 1577 3675 conve·

324 3712 460 3788 niendae,
499 3711 586 3776 haud
624 3735 785 3799 quaquam
824 3712 1035 3798 ambigentes,
1077 3713 1154 3798 quin
1188 3713 1223 3775 in
1256 3712 1410 3775 honorem
1452 3712 1600 3791 Dznumt

323 3835 461 3876 vzrarum
496 3814 703 3889 nostratibus,
738 3837 818 3901 quos
846 3836 955 3878 sumus
978 3812 1117 3890 missuri,
1140 3826 1231 3877 tutus
1253 3814 1319 3877 itus
1342 3812 1540 3898 reditusque
1563 3830 1599 3876 at

325 3913 455 3977 Polonis
489 3914 619 3978 futurus
652 3915 703 3978 sit.
753 3915 833 3979 Peto
866 3914 977 4002 igitur,
1013 3928 1050 3979 ut
1076 3915 1116 3978 de
1140 3927 1247 3978 mente
1270 3915 1410 3978 Dzonum
1434 3936 1580 3978 suarum

323 4015 519 4101 tempestive
542 4016 669 4079 edoceri
693 4030 822 4102 queant.
867 4016 999 4079 Interim
1028 4014 1101 4078 illas
1125 4015 1231 4078 valere
1255 4026 1287 4077 et
1310 4037 1462 4099 prospere
1478 4038 1596 4107 agereq

325 4115 432 4201 cupio.
466 4116 634 4181 Dabuntur
657 4139 674 4180 e
697 4117 808 4181 castris
824 4115 939 4179 nostris
956 4117 994 4180 ad
1010 4115 1125 4179 waft
1140 4114 1193 4179 die
1209 4116 1249 4178 26
1265 4114 1350 4207 Jnlii
1366 4119 1465 4178 Anno
1482 4116 1595 4265 luatq

991 4232 1273 4299 Dominationibus
1295 4232 1371 4295 vzris

974 4335 1012 4397 ad
1035 4334 1142 4397 officia
1164 4333 1381 4419 paratissimus

942 4435 1080 4498 Axelius
1103 4435 1317 4499 Oxenstierna
1338 4432 1402 4518 mp'.

411 4557 501 4621 Kopla
527 4561 538 4607 1
564 4558 701 4613 Polonica.
729 4557 901 4607 Hellandske
928 4557 1100 4619 Legatemas
1120 4556 1230 4618 journal
1249 4556 1295 4604 rid
1314 4555 1584 4620 uoderhandllngea

328 4645 503 4701 rear-reas,
522 4642 569 4690 rol.
589 4645 628 4690 rr.
1588 4640 1589 4659 ¹
