3244 5334
1234 475 1294 539 287

17 634 18 653 ’
92 640 265 725 quicquam
289 640 322 702 in
345 639 410 703 illie
433 640 599 704 molliatur
622 652 852 717 attumuletur,
876 641 932 704 sed
956 664 994 705 eo
1011 663 1086 704 casu
1104 663 1192 726 spem
1209 664 1338 706 omnem

90 740 120 802 in
143 742 270 823 justam
298 741 481 827 Regnorum
512 740 788 827 tranquillitatem
816 764 852 804 ac
874 764 987 827 pacem
1009 741 1244 805 coniiciendam
1268 766 1339 807 esse

92 897 246 945 Lithuauiae
274 912 334 945 cum
363 897 528 946 (iburlaudis
555 898 646 946 libera
673 902 702 946 et
726 911 856 945 concessa
880 897 948 953 siut;
972 899 1072 946 Itinera
1092 912 1199 961 quoquc
1219 902 1339 961 peregri·

93 982 223 1030 nantibus
242 980 395 1030 viatoribus
413 986 442 1029 et
460 981 611 1030 veredariis
631 984 772 1043 utriusque
791 983 818 1029 iu
839 980 1007 1030 Churlandia
1024 986 1053 1029 et
1066 982 1150 1031 dictis
1162 983 1246 1030 Ducis
1259 985 1340 1031 terri·

93 1067 169 1115 teriia
189 1066 247 1114 sibi
264 1063 418 1125 obviariff),
436 1072 536 1127 pacate
556 1067 630 1115 inter
647 1080 676 1114 se
695 1066 752 1115 illic
771 1071 799 1113 et
817 1065 968 1126 tranquilia
988 1070 1080 1127 agant,
1100 1079 1150 1114 nec
1169 1066 1212 1114 las
1232 1066 1268 1114 ait
1287 1067 1340 1114 sub

93 1164 169 1212 paena
189 1150 323 1212 supplicii
342 1149 377 1197 ad
396 1163 472 1198 arma
490 1149 627 1198 devenire.

174 1306 197 1347 6.
237 1302 335 1349 Portus
355 1300 529 1349 ehurlandtae
548 1306 665 1363 pateant
683 1315 815 1362 usumque
835 1316 911 1349 suum
931 1303 1074 1365 praebeant
1088 1301 1169 1350 classi
1184 1302 1207 1350 S.
1222 1302 1250 1349 R.
1265 1303 1340 1351 Mztis

92 1385 246 1448 ceterisque
267 1385 352 1447 Regni
371 1382 474 1433 Sueciee
493 1389 541 1432 aut
559 1384 743 1433 subiectarum
763 1386 965 1447 provinciarum
985 1386 1123 1447 indigenis
1142 1387 1339 1448 navigantibus

93 1475 179 1517 tutum
208 1474 238 1517 et
266 1482 399 1527 securum,
426 1471 449 1516 si
477 1468 588 1530 quando
611 1471 757 1529 contingat
775 1471 818 1517 vei
838 1470 873 1517 ob
893 1474 1072 1532 tempestates
1090 1472 1162 1518 istuc
1180 1470 1341 1533 coningere,

17 1616 18 1619 Ἴ
92 1555 134 1601 rei
161 1553 374 1615 quibuscunque
402 1553 463 1601 aliis
487 1552 521 1601 de
545 1553 635 1602 causis
657 1554 804 1601 stationem
824 1555 888 1602 istic
907 1567 1014 1617 capere.
1051 1554 1132 1617 Siqua
1152 1556 1195 1603 vsi
1214 1555 1340 1604 victuali·

93 1638 140 1684 bus
170 1638 338 1698 navigantes
368 1637 529 1700 indigeruut
558 1638 601 1685 vel
629 1650 792 1699 quacunque
820 1637 876 1685 aila
903 1651 932 1685 re
959 1638 1123 1697 necessaria,
1144 1637 1220 1700 justo
1243 1640 1341 1688 oblato

17 1740 18 1745 ¹
92 1721 179 1783 pretio
199 1722 260 1769 eius
280 1721 360 1782 copia
379 1722 435 1768 fiat.
471 1720 574 1776 Quodsi
593 1723 684 1769 uarim
704 1735 785 1768 uuam
803 1721 932 1784 pluresve
950 1723 1123 1784 naufragium
1142 1728 1190 1771 aut
1202 1722 1339 1784 jacturam

94 1806 222 1853 mercium
243 1805 335 1852 iacere
355 1803 510 1865 contigerit,
529 1804 626 1853 incola
646 1804 821 1853 Oburiandiae
841 1806 950 1854 afflictis
970 1821 1024 1854 uon
1044 1811 1163 1854 noceant
1182 1812 1229 1854 aut
1248 1810 1340 1869 oppri-

94 1897 174 1949 mant,
203 1890 254 1936 sed
281 1890 373 1951 potins
397 1887 471 1949 justo
495 1894 610 1950 accepto
629 1888 752 1935 laborum
772 1892 861 1951 pretio
880 1889 976 1951 juvent
995 1904 1026 1937 ac
1045 1890 1161 1952 erigant,
1179 1905 1341 1952 mercesque

93 1978 272 2036 recuperatas
290 1972 418 2021 reddant.

174 2112 198 2155 7.
236 2108 323 2155 Pacta
350 2121 410 2156 cum
437 2106 603 2168 Rigensibus
631 2107 749 2155 antehac
773 2110 843 2156 inita
866 2109 900 2156 de
920 2106 1097 2170 navigatione
1117 2123 1149 2157 ac
1168 2110 1340 2157 commerciis

92 2198 234 2241 serventur
262 2193 290 2239 in
318 2195 456 2253 posterum
479 2191 620 2249 inviolata,
639 2204 787 2255 omnesque
806 2198 902 2254 portus
922 2197 950 2241 et
968 2192 1100 2254 emporia,
1119 2192 1250 2241 adversus
1270 2196 1340 2242 auti·

94 2291 171 2339 quam
201 2274 431 2324 consuetudinem
459 2276 487 2323 in
514 2276 703 2337 praeiudicium
727 2276 850 2324 civitatis
868 2276 943 2338 Rigae
963 2277 1123 2325 introducta
1141 2290 1190 2339 per
1209 2277 1341 2325 Ohurian·

94 2361 174 2419 diam,
193 2361 331 2409 tollantur
349 2365 378 2408 et
395 2358 581 2409 inhibeantur.

176 2498 199 2542 8.
238 2494 304 2542 Haec
323 2493 379 2543 Rex
398 2494 518 2542 Poloniae
537 2493 727 2556 sigismundus
746 2499 831 2558 atque
844 2493 961 2542 Ordines
976 2494 1061 2557 Regni
1074 2495 1193 2543 Polouiae
1207 2500 1234 2544 et
1247 2496 1341 2559 Magni
1444 2562 1447 2565 v

95 2580 215 2629 Ducatua
238 2579 395 2626 Lithuanlea
417 2578 570 2626 solenniter
589 2580 791 2627 interveniente
810 2578 944 2627 comitiali
963 2579 1076 2627 decreto
1094 2579 1293 2628 ratihahebunt
1312 2586 1340 2629 et

93 2664 305 2721 confirmabunt,
333 2677 366 2711 ea
393 2663 483 2711 forma
510 2676 542 2710 ac
565 2663 655 2722 modo,
676 2668 705 2711 ut
723 2665 781 2711 aine
800 2662 903 2724 injuria
921 2665 1092 2725 nominisque
1110 2663 1152 2711 sui
1171 2666 1339 2713 contumelia

94 2749 116 2795 S.
135 2749 164 2797 R.
185 2748 267 2796 Mztaa
287 2746 390 2795 dictam
410 2746 635 2796 ratihabitionem
654 2747 777 2809 racipere
793 2752 891 2809 quaeat.
919 2747 984 2794 Tum
998 2749 1023 2793 S.
1035 2747 1063 2795 R.
1078 2746 1157 2795 bizias
1170 2747 1229 2796 hac
1242 2748 1341 2796 eadem

94 2834 198 2881 solenni
217 2832 307 2880 forma
326 2830 501 2879 confirmabit
519 2835 555 2889 et,
575 2837 686 2893 recepto
705 2831 857 2893 diplomate
876 2832 1014 2889 Poiouico,
1028 2845 1104 2879 suum
1120 2832 1200 2880 reddi
1213 2833 1339 2880 illustris·

94 2916 159 2965 simo
187 2915 366 2965 Choriandioe
394 2914 462 2962 Daci
489 2915 582 2962 faciet.
627 2915 683 2977 Ipsi
707 2929 815 2977 quoque
839 2916 922 2963 duces
941 2915 1086 2964 Exercitus
1105 2915 1197 2978 Magni
1217 2916 1340 2964 Ducatua

93 3000 249 3049 Lithuaniae
277 2996 462 3061 sponsurosili
486 3013 550 3047 suos
571 3001 759 3061 interponent,
777 3004 873 3048 sancte
891 3002 1028 3047 servatum
1048 2998 1091 3058 iri,
1110 3000 1183 3061 quod
1202 3002 1339 3062 promitti·

93 3090 143 3142 tur,
162 3099 215 3133 nec
234 3099 264 3133 se
283 3096 411 3146 passuros
430 3085 575 3145 quiequam
596 3085 622 3132 in
643 3085 811 3131 contrarium
830 3084 888 3132 fieri
903 3084 948 3131 rel
961 3085 996 3131 ab
1009 3085 1134 3133 exercitu
1148 3080 1341 3146 Reip[ublicae]

93 3170 134 3217 rei
154 3185 170 3218 a
188 3169 317 3232 privatis,
335 3167 420 3229 idque
439 3168 617 3230 spondebant
635 3168 761 3216 manibus
780 3169 837 3216 suls
856 3172 885 3216 et
902 3168 1010 3228 sigiliis.

175 3307 199 3350 9,
237 3302 267 3350 Si
285 3303 347 3350 Dux
366 3300 541 3350 Obariandiae
561 3317 635 3364 spem
655 3302 743 3350 iaciat
761 3316 793 3350 ac
811 3304 963 3364 promittat,
977 3317 1006 3351 se
1019 3302 1102 3352 talem
1116 3304 1337 3365 praescriptarum

93 3388 286 3437 condicionum
310 3386 500 3435 neutralitatis
522 3382 557 3447 [οε
576 3382 641 3447 em]
659 3400 675 3435 a
692 3386 763 3449 Rege
781 3383 1012 3449 Reqnepubfliea]
1033 3386 1135 3434 Poiona
1153 3388 1341 3447 obtenturum,

93 3473 115 3519 S.
133 3473 163 3521 ia
183 3472 267 3521 Musa
285 3484 358 3520 nunc
377 3485 392 3520 e
410 3472 526 3532 vestigio
545 3470 655 3519 curabit
671 3470 748 3520 iilius
766 3467 951 3533 Ilinst[ritati]
963 3470 1134 3519 reddendum
1147 3471 1263 3519 Tuccam
1277 3486 1337 3520 curu

93 3555 244 3613 territorio,
271 3556 384 3617 suisque
411 3554 564 3612 mandabit,
588 3559 617 3602 ut
636 3554 757 3604 uberiori
776 3557 932 3604 incursione
951 3555 979 3603 in
997 3555 1137 3604 territoria
1157 3555 1239 3604 Ducis
1258 3554 1339 3604 Chur·

93 3641 193 3689 iaudise
221 3640 356 3688 hactenus
381 3652 507 3701 possessa
529 3639 698 3698 abstineant,
716 3639 768 3687 hac
787 3639 950 3688 condicione
969 3652 1098 3700 expresse
1117 3639 1235 3698 adiecta,
1254 3643 1292 3698 ut,
1310 3642 1341 3689 ni

93 3725 242 3774 ratificatio
270 3723 351 3784 RegIs
379 3737 410 3770 ac
438 3718 629 3784 Reipuusstcae]
655 3723 839 3785 subsequatur
866 3722 900 3770 ad
929 3724 1028 3772 festum
1053 3723 1201 3771 Paschatos
1224 3725 1341 3782 instans,

93 3809 210 3857 sublatis
238 3812 267 3855 et
295 3804 451 3865 cassatisil)
478 3805 566 3868 pactis
590 3806 665 3855 hisce
691 3807 807 3854 Tuccam
832 3806 982 3869 evestigio
1001 3806 1163 3855 restituatur
1182 3809 1211 3855 in
1230 3822 1339 3856 manum

93 3892 115 3941 S.
135 3893 163 3941 R,
184 3892 268 3941 Mztis.

178 4031 217 4075 10,
256 4024 416 4074 ilithariam
435 4040 499 4075 vero
518 4032 547 4072 et
566 4025 853 4088 Baudscheuhnrgum,
872 4040 907 4073 ne
926 4025 1052 4074 hostibus
1072 4030 1187 4088 pateant
1205 4025 1278 4074 bello
1293 4025 1339 4073 du·

93 4118 179 4169 rante,
207 4116 238 4159 ut
263 4111 287 4158 S.
311 4109 340 4157 R.
364 4110 444 4158 M÷tas
462 4124 510 4157 auo
530 4110 657 4172 praesidio
676 4112 782 4159 lusessa
800 4111 928 4167 retiaeat,
948 4111 1008 4172 ipsa
1027 4109 1185 4157 securitatis
1203 4112 1275 4157 ratio
1294 4123 1341 4157 ne·

94 4200 253 4246 cessltatem
278 4196 333 4256 ipsi
353 4196 478 4256 imponit.
515 4196 551 4240 At
570 4195 592 4241 sl
611 4194 723 4255 quando
742 4194 769 4242 hi
788 4199 877 4242 motus
897 4193 989 4242 bellici
1009 4193 1094 4256 sopiri
1113 4195 1229 4255 possint,
1248 4194 1338 4255 iuquae

93 4280 152 4329 Dux
180 4278 369 4337 Chariaudiae,
396 4282 527 4341 quantum
556 4279 583 4325 in
606 4278 666 4340 ipso
688 4283 738 4335 est,
757 4279 890 4338 elaboret,
909 4283 966 4326 tum
987 4278 1011 4325 S.
1034 4277 1060 4324 R.
1081 4278 1159 4325 ihtes
1179 4291 1232 4325 uon
1251 4278 1342 4326 inrita

94 4365 281 4414 illustrissimo
317 4363 388 4411 Daci
418 4362 592 4411 Cburiaudiae
623 4362 712 4411 dictas
742 4363 810 4410 duas
840 4376 917 4411 arces
948 4369 977 4409 ct
1007 4361 1110 4423 oppida
1140 4365 1169 4409 et
1198 4362 1340 4410 territoria

94 4452 231 4498 restituat.

177 4534 218 4581 De
246 4532 289 4579 his
313 4530 394 4581 modo
417 4531 604 4594 suprascripto
623 4533 785 4580 convenisse
807 4534 949 4579 internos
970 4531 1078 4578 uonrine
1099 4530 1122 4577 S.
1143 4529 1171 4575 R.
1192 4529 1264 4578 Mais
1283 4529 1339 4578 dzni

94 4618 180 4666 nostri
206 4614 414 4665 clementissimi
436 4616 470 4664 ab
493 4630 548 4664 una
567 4622 595 4663 et
614 4611 773 4676 iliust[rem]
792 4615 893 4662 Ducem
913 4614 1096 4673 OhurIaudiae,
1114 4612 1291 4661 nobilitatem
1310 4618 1342 4661 et

94 4700 230 4751 Dioeoesiu
253 4700 399 4749 Piltensem
419 4700 453 4747 ab
473 4701 571 4757 altera,
590 4705 673 4761 atquc
692 4704 788 4747 sancte
807 4701 910 4747 servari
929 4699 1029 4747 debere
1049 4699 1179 4760 utrinque
1198 4702 1266 4746 etc.»
