3314 5362
1237 435 1294 499 131

102 602 306 687 prestiturum
343 600 511 686 receperit.
567 600 782 664 Verissimum
819 615 868 665 est
903 600 948 678 id,
985 600 1072 686 quod
1107 600 1153 664 ait
1185 601 1341 665 comicus:

103 700 176 765 nibil
208 716 274 765 taur
308 701 390 765 bene
424 701 498 777 dici,
532 701 611 786 quin
641 702 743 787 possit
764 700 988 765 maledicendo
1011 702 1190 787 depravari.
1235 702 1343 781 Quan-

103 816 164 866 tum
198 802 398 867 *exercitum
428 802 501 866 Rex
522 800 632 864 meus‘
655 816 821 888 utcunque
845 802 1058 865 suffecturum
1081 815 1209 887 putaret
1231 803 1343 889 adgre-

102 902 214 967 diendo
245 902 303 966 isti
337 901 483 990 negocio,
517 902 616 981 nosti3
649 902 743 965 illum
777 925 853 966 vero
883 902 936 966 vel
963 925 1078 988 cogere
1106 903 1158 967 vel
1182 904 1341 967 sustinere

103 1004 182 1067 *suis
215 1002 359 1068 viribus*
394 1016 428 1068 et
457 1003 554 1067 simul
582 1025 616 1066 se
637 1025 839 1090 regnumque
862 1026 956 1067 suum
979 1003 1065 1067 tueri
1087 1003 1238 1068 adversus
1262 1004 1343 1067 *1³0-

105 1104 237 1182 lonum',
270 1126 337 1168 non
370 1103 511 1167 diffiteor
543 1102 629 1167 haud
663 1126 732 1168 esse
759 1103 876 1167 virium
904 1117 1094 1168 nostrerum.
1140 1104 1233 1168 Belle
1256 1127 1342 1181 vere,

104 1227 167 1290 qua
199 1205 238 1269 eb
265 1204 470 1269 incunabulis
498 1216 666 1291 parentum
689 1217 871 1268 nostrorum
893 1204 1049 1268 continua
1071 1204 1152 1269 serie
1174 1205 1342 1289 gessimus,

106 1327 162 1368 uon
184 1306 409 1391 permiserunt,
433 1328 550 1392 magno
573 1304 642 1368 auri
664 1303 853 1392 argentique
877 1328 991 1369 acervo
1013 1305 1172 1370 cumulari
1198 1306 1343 1369 aerarium

107 1405 273 1490 publicum,
298 1418 334 1469 ut
356 1404 432 1470 inde
453 1406 554 1469 eximi
576 1429 610 1469 re
634 1420 770 1493 urgente
793 1420 827 1470 et
849 1404 888 1470 ad
910 1405 1051 1471 lubitum
1068 1419 1212 1470 nostrum
1231 1405 1343 1492 possit.

105 1505 150 1570 Sit
180 1506 245 1571 haec
279 1506 420 1570 felicitas
448 1506 568 1570 'vicini
594 1507 730 1585 nostri*;
754 1529 851 1593 quam
873 1529 948 1570 cum
970 1505 1020 1569 illi
1041 1506 1343 1589 noninvidcumus,

106 1629 221 1692 equum
244 1620 304 1683 est,
326 1606 420 1671 iilum
443 1630 507 1670 non
531 1606 729 1682 calumniari,
752 1607 837 1693 quod
860 1607 967 1670 minus
988 1620 1097 1693 parato
1118 1630 1177 1672 aere
1194 1607 1344 1672 instructi

105 1707 206 1770 simus.
250 1708 317 1773 Ubi
340 1730 516 1794 paucorum
540 1730 696 1771 annorum
719 1707 883 1771 molestias
905 1706 1039 1771 bellicus
1060 1708 1259 1785 sustinuerit,
1275 1721 1344 1773 tum

106 1807 227 1872 demum
250 1809 397 1886 miretur,
420 1808 447 1872 si
469 1821 615 1872 nostrum
638 1808 792 1896 langueat
814 1809 968 1872 aemrium.

185 1909 335 1996 Iniquum
369 1922 523 1995 praeterea
549 1922 634 1974 esset
659 1922 702 1985 et,
726 1922 763 1973 ut
784 1910 883 1973 verbo
906 1908 1020 1987 dicam,
1043 1908 1200 1995 ineptum,
1223 1923 1346 1975 tantam

108 2008 216 2073 molem
243 2010 322 2074 belii
347 2009 381 2073 in
409 2033 443 2073 se
466 2009 610 2074 derivare
633 2010 703 2074 sine
726 2009 873 2074 subsidio
896 2032 1018 2087 eorum,
1041 2032 1177 2095 quorum
1200 2011 1345 2075 interest.

110 2108 171 2174 Nec
201 2124 328 2175 tuntum
362 2111 506 2196 pecuniae
535 2110 626 2174 'Rex
648 2111 759 2175 meus*
783 2110 844 2173 sibi
867 2109 936 2173 deri
959 2109 993 2173 in
1018 2124 1217 2175 antecessum
1241 2111 1346 2198 petiit,

108 2223 141 2272 ut
161 2211 308 2275 'Dauus'
332 2211 514 2290 contendit3
537 2224 708 2276 contentus
730 2211 818 2275 enim
841 2223 918 2287 crat,
941 2210 969 2273 si
992 2233 1049 2290 pro
1068 2211 1346 2276 *conscribendis*

112 2312 147 2375 10
166 2312 372 2399 'regimentis
395 2313 562 2398 peditum*
586 2324 619 2376 et
642 2312 746 2375 ‘2000
766 2311 933 2398 equitum'
958 2324 1106 2397 sumptus
1126 2311 1345 2375 subministra-

111 2425 218 2477 rentur.
273 2416 322 2477 At
355 2414 440 2500 quod
474 2413 525 2476 ⁴8.
553 2412 591 2477 R.
614 2412 730 2476 Mztes*
754 2425 873 2477 certam
898 2411 960 2476 sibi
982 2412 1051 2476 dari
1075 2411 1344 2476 '‘resolutionem''

111 2534 128 2573 a
155 2513 403 2579 confoederandis
437 2525 562 2599 peteret
595 2512 633 2576 ad
667 2512 818 2577 ultimum
853 2513 997 2589 *Junii*,
1030 2512 1064 2578 id
1092 2512 1345 2592 incresceret,

110 2615 188 2697 quod
219 2614 283 2678 nisi
316 2628 390 2679 ante
425 2614 539 2678 'initia
568 2613 686 2678 mensis
712 2613 796 2679 Julii
819 2612 850 2676 S.
874 2613 911 2676 R.
939 2613 1054 2677 Mztas'
1078 2626 1166 2678 certa
1187 2627 1272 2678 esset
1295 2613 1346 2678 sui

111 2715 235 2792 consilii,
269 2708 374 2780 omnis
402 2714 463 2779 hoc
492 2737 575 2778 anno
597 2714 745 2799 gerendae
766 2714 812 2777 rei
835 2714 961 2778 occasio
982 2714 1208 2798 (consideretis
1231 2715 1346 2779 horum

112 2836 270 2901 regnorum
294 2816 359 2880 situ
382 2831 414 2880 et
437 2815 737 2898 commoditatibus)
760 2814 1038 2900 praeterluberetur
1057 2828 1124 2879 tam
1139 2814 1200 2878 sibi
1216 2815 1346 2902 suisque

112 2914 204 2993 rebus,
226 2940 322 3002 quam
346 2917 509 2981 communi
532 2939 634 2981 causae
655 2916 863 2981 inserviendi.

186 3018 338 3082 Ceterum
371 3019 531 3092 miramur,
565 3017 735 3080 *Danum*
769 3030 835 3080 tam
870 3015 1037 3080 *sinistre*
1071 3016 1276 3101 interpretari
1305 3040 1348 3080 ex

112 3117 223 3200 optimo
245 3118 364 3183 affectu
386 3119 568 3203 profectum
592 3118 689 3205 Regis
712 3118 774 3180 mei
798 3116 989 3202 promissum
1015 3116 1078 3202 ipsi
1099 3117 1346 3182 ''securitatem''

114 3237 133 3276 a
159 3218 317 3283 *polono*
346 3219 526 3305 prestandi.
571 3217 657 3282 illud
681 3217 901 3281 Cosekkorum
923 3217 957 3281 in
980 3217 1159 3281 Marchiem
1181 3230 1214 3282 et
1236 3218 1348 3283 Pome-

115 3319 222 3383 raniam
244 3318 440 3405 irruptiones
463 3318 639 3383 multorum
661 3332 696 3382 et
716 3318 819 3403 ipsius
843 3318 963 3404 *legati
987 3316 1124 3381 Denici*
1148 3317 1252 3381 verbis
1276 3342 1349 3382 exa·

115 3419 220 3502 gitem
241 3419 417 3506 spectabat,
440 3442 480 3483 ne
504 3420 630 3483 *Daui*
654 3419 821 3483 destinatis
844 3431 1012 3496 nocerent;
1036 3417 1196 3503 promittit
1216 3417 1347 3505 quidem

117 3517 207 3583 'sibi‘
238 3521 364 3585 firmum
396 3544 415 3583 u
449 3519 612 3584 'Polum'
647 3520 833 3593 amicitiam,
867 3520 922 3583 sed
954 3518 1079 3583 utinam
1106 3542 1270 3604 nunquam
1294 3542 1349 3582 ex·

117 3621 247 3701 periatur
275 3644 350 3685 cum
377 3634 487 3685 nostro
509 3620 605 3698 malo,
628 3643 725 3707 quam
746 3619 804 3683 illu
826 3620 910 3684 mule
933 3619 998 3684 fida
1019 3621 1071 3683 sit.
1116 3619 1232 3684 Literoe
1254 3633 1349 3684 certae

117 3718 262 3786 *Poloni'
293 3723 330 3787 ad
360 3722 562 3786 'Electorem
584 3720 913 3807 Brandeburgicum*,
936 3721 1016 3784 mihi
1042 3722 1096 3785 obs
1118 3734 1151 3784 te
1173 3723 1350 3784 communi·

117 3824 230 3904 catae1),
252 3822 349 3887 facile
371 3822 489 3909 ipsum,
510 3822 537 3885 si
552 3822 646 3907 sapit,
662 3822 853 3896 edocebunt,
869 3822 946 3908 quid
963 3821 1026 3885 sibi
1042 3823 1278 3907 expectandum
1296 3821 1349 3898 sit,

119 3921 205 3988 sires
226 3946 328 3999 secus,
351 3947 446 4009 quem
469 3935 607 4010 putarat,
630 3922 815 3986 ceciderint.
860 3923 1023 4009 Quicquid
1047 3924 1099 4001 sit,
1122 3938 1158 3987 tu
1177 3921 1275 3986 facile
1293 3945 1349 4007 pro

119 4041 230 4088 summo
258 4024 386 4109 judicio
413 4038 470 4087 tuo
499 4023 710 4101 existimabis,
734 4022 852 4109 quibus
873 4023 1094 4088 fundamentis
1116 4021 1182 4085 haec
1205 4024 1351 4085 nitantur

119 4122 287 4203 calumniae3
316 4147 422 4210 neque
444 4147 530 4187 nunc
553 4123 666 4187 eddam
690 4124 872 4210 quicquam,
897 4123 951 4188 sed
974 4146 1048 4187 cum
1071 4123 1214 4207 legatum
1238 4121 1351 4186 Domi·

121 4243 221 4288 uorum
243 4225 400 4290 Ordinum
423 4247 612 4302 convenero,
636 4226 773 4289 scribam
797 4225 836 4289 ad
859 4238 891 4288 te
913 4223 1053 4287 uberius.
1097 4221 1190 4286 Vale.
1229 4224 1351 4287 Datum

125 4325 203 4387 utin
224 4326 336 4391 literis.

197 4449 368 4512 Anteckniug
402 4462 419 4497 a
453 4454 544 4511 tergo:
591 4448 733 4497 »Reddita
769 4446 852 4509 Hagae
888 4446 1002 4496 Comitis
1036 4443 1070 4509 {³01
1105 4444 1201 4494 Octob.
1233 4442 1353 4507 eod[em]

125 4540 209 4580 aanor.

129 4609 311 4626 ἥ...-

199 4646 217 4707 1)
233 4650 265 4700 Se
283 4651 334 4701 sid.
356 4654 402 4699 127
421 4654 471 4700 not
487 4646 517 4707 ¹).
